1734 2733
248 159 271 194 2

249 255 353 295 atque
392 248 565 296 imprimis
603 260 733 285 nomen
772 249 947 287 scientiae.
995 250 1139 297 Kayser
1177 262 1242 297 pro
1282 250 1509 293 „scientiam“

247 304 439 353 legendum
461 310 562 352 putat
591 303 889 347 ‚‚excellentiam“.
936 304 1130 341 Pideritius
1162 304 1363 352 conjectura
1387 317 1509 353 super-

248 360 362 396 sederi
401 372 526 407 posse,
566 360 729 396 codicum
769 359 956 397 lectionem
1003 361 1054 396 sic
1092 360 1390 408 interpretandam
1429 373 1508 396 esse

246 415 425 451 existimat
446 415 499 459 „si
522 415 604 463 quis
635 427 737 451 suam
760 415 805 451 de
829 414 931 451 claris
955 416 1158 452 hominibus
1182 416 1366 452 scientiam
1391 415 1507 451 metiri

246 471 267 508 i.
281 483 311 507 e.
323 471 353 506 si
366 471 457 518 quis,
473 483 559 507 num
572 471 610 506 in
627 470 802 507 clarorum
817 470 1000 507 hominum
1017 483 1164 507 numero
1180 471 1307 518 aliquis
1323 471 1506 507 habendus

245 527 300 569 sit,
323 539 343 563 e
367 526 614 574 magnitudine
643 538 761 561 rerum
791 532 972 573 gestarum
1002 526 1186 562 aestimare
1218 527 1323 562 velit“
1352 526 1426 571 (fiir
1448 526 1506 560 die

244 581 437 628 subjective
458 580 741 629 Anerkenuung,
776 581 822 617 ob
849 580 996 628 jemand
1016 587 1121 618 unter
1150 581 1208 618 die
1238 581 1324 618 clari
1348 581 1506 617 homines

245 638 401 686 geh6re).
442 637 564 686 Atque
580 637 736 686 Kayseri
760 637 1041 674 emendationem
1065 644 1100 673 et
1117 638 1194 685 ipse
1211 649 1504 686 supervacaneam

244 706 322 730 esse
354 706 499 736 censeo,
531 693 855 740 interpretationem
885 693 1051 728 Pideritii
1083 693 1264 740 improbo,
1296 700 1334 728 ut
1370 692 1505 728 notioni

243 749 395 785 nominis
435 748 603 784 scientiae
644 748 836 784 adversam.
890 746 1077 783 Clarorum
1107 747 1307 794 hominum,
1348 747 1379 782 si
1419 746 1504 793 quid

243 804 357 846 video,
380 816 453 840 non
477 802 663 852 genetivus
695 802 825 850 objecti
849 802 913 838 sed
942 802 1091 849 subjecti
1118 808 1181 846 est,
1207 802 1354 838 scientia
1377 808 1504 844 autem,

244 861 335 896 sicut
350 871 499 907 semper,
522 858 701 906 significat
716 874 764 888 =
778 858 843 893 das
867 858 1025 899 Wissen,
1049 858 1071 894 i.
1087 870 1117 894 e.
1134 858 1275 894 scientis
1299 858 1503 903 qualitatem

243 916 316 963 (die
353 914 615 952 Wissensehaft
654 913 871 960 subjective),
907 913 998 949 sicut
1033 925 1088 948 ars
1125 925 1261 949 summa
1295 919 1347 947 est
1383 925 1502 948 earum

243 984 361 1008 rerum
373 983 465 1017 quae
481 971 640 1006 sciuntur
651 969 725 1017 (die
737 968 998 1006 Wissensehast
1009 969 1182 1015 objective
1194 969 1256 1004 cfr.
1269 968 1302 1004 d.
1316 981 1343 1004 r.
1355 981 1389 1015 p.
1402 970 1430 1015 1,
1443 970 1503 1015 2.).

242 1028 369 1075 Itaque
393 1025 601 1062 sententiam
624 1024 796 1060 enuntiati
825 1024 936 1059 nostri
958 1023 1050 1059 hanc
1072 1035 1150 1058 esse
1172 1035 1316 1060 censeo:
1341 1024 1392 1066 „si
1414 1024 1504 1070 quis,

242 1087 281 1117 ut
304 1081 455 1129 quisque
480 1081 651 1118 maximas
674 1081 730 1118 vel
761 1079 963 1116 utilissimas
994 1091 1050 1115 res
1084 1079 1244 1127 gesserit,
1272 1079 1322 1115 ita
1353 1078 1502 1127 plurima

242 1150 323 1173 eum
346 1137 435 1173 scire
458 1137 716 1178 arbitrabituff‘,
741 1136 813 1172 sive
835 1137 887 1178 „si
904 1149 976 1182 quo
997 1136 1077 1181 quis
1101 1136 1252 1182 majores
1276 1135 1332 1171 vel
1346 1135 1502 1173 utiliores

241 1205 296 1229 res
312 1192 473 1241 gesserit,
497 1204 540 1228 eo
563 1193 732 1238 majorem
755 1191 937 1226 scientiam
956 1203 1037 1226 eum
1059 1190 1200 1233 habere,
1224 1197 1317 1227 reete
1336 1190 1501 1240 colligere

241 1248 355 1292 licet“,
379 1247 464 1290 sive,
493 1253 534 1283 ut
564 1247 697 1294 ubique
737 1259 802 1295 pro
837 1246 1041 1282 notionibus
1076 1246 1278 1292 subjectivis
1309 1247 1501 1293 objectivas

241 1315 382 1351 ponam,
418 1302 471 1346 „si
501 1303 582 1349 quis
615 1303 787 1349 cujusque
817 1302 902 1337 artis
930 1301 1138 1349 dignitatem
1173 1300 1230 1338 vel
1258 1302 1500 1349 magnitudine

241 1359 297 1396 vel
319 1357 471 1395 utilitate
496 1370 617 1394 earum
637 1369 767 1400 rerum,
790 1369 881 1404 quae
915 1369 1056 1403 quaque
1087 1363 1161 1392 arte
1193 1357 1404 1400 efficiuntur,
1427 1371 1500 1393 me-

242 1415 299 1451 tiri
323 1413 440 1451 velit.“

334 1471 364 1512 Ι,
387 1470 433 1506 36
457 1476 492 1505 et
514 1470 570 1506 37.
621 1468 814 1505 Continent
847 1467 934 1503 haec
965 1467 1080 1515 capita
1111 1469 1259 1516 primam
1286 1476 1321 1505 et
1356 1469 1500 1513 alteram

241 1538 285 1562 ex
309 1526 351 1562 iis
375 1525 502 1573 causis,
526 1536 615 1572 quas
633 1523 784 1561 Crassus
800 1522 913 1566 affert,
933 1529 971 1559 ut
993 1523 1122 1559 oratori
1143 1524 1233 1570 juris
1249 1524 1360 1560 civilis
1378 1526 1500 1574 cogni—

241 1583 336 1619 tione
360 1594 450 1630 opus
467 1593 544 1618 esse
559 1581 784 1617 demonstret.
815 1578 919 1624 Quae
934 1591 1059 1616 causae
1083 1585 1122 1614 ut
1138 1585 1232 1616 reete
1251 1580 1501 1629 intelligantur,

241 1638 412 1685 imprimis
436 1644 597 1673 teneatur
621 1642 772 1684 oportet,
794 1635 881 1682 quid
903 1635 1037 1672 intersit
1061 1637 1153 1672 inter
1177 1639 1236 1684 jus
1260 1644 1294 1672 et
1316 1637 1498 1683 judicium.

240 1693 283 1729 In
301 1694 383 1740 jure
406 1705 463 1729 res
487 1693 605 1740 agitur
628 1691 724 1739 apud
744 1696 953 1739 praetorem,
985 1692 1022 1727 in
1048 1693 1183 1739 judicio
1213 1693 1307 1741 apud
1330 1692 1497 1739 judicem.

240 1750 282 1785 In
303 1749 383 1795 jure
402 1760 517 1795 neque
537 1747 697 1794 quaestio
720 1746 880 1789 habetur,
904 1758 1019 1793 neque
1035 1754 1140 1783 testes
1157 1748 1359 1791 audiuntur,
1383 1760 1498 1796 neque

239 1805 414 1840 sententia
438 1803 582 1845 dicitur3
605 1802 668 1838 sed
691 1808 732 1837 ut
752 1803 840 1838 haec
865 1803 984 1839 omnia
1007 1804 1044 1839 in
1061 1803 1197 1849 judicio
1228 1805 1294 1839 rite
1317 1804 1394 1840 fieri
1417 1817 1498 1851 pos-

236 1859 317 1902 sint,
340 1865 481 1907 praetor
505 1871 558 1901 ea,
578 1869 669 1904 quae
691 1857 846 1905 postulat
870 1858 899 1893 is
926 1859 987 1905 qui
1018 1858 1098 1906 lege
1132 1859 1216 1906 agit,
1255 1871 1378 1906 eaque,
1406 1872 1497 1906 quae

236 1915 421 1962 respondet
439 1915 469 1950 is
486 1914 548 1961 qui
563 1914 600 1949 in
620 1914 679 1960 jus
695 1918 842 1949 vocatus
859 1919 923 1955 est,
945 1914 1055 1956 audit,
1081 1914 1117 1949 in
1136 1914 1305 1950 formulas
1320 1914 1495 1962 legitimas

236 1970 376 2018 redigit,
406 1969 563 2016 judicem
600 1967 740 2003 instruit
780 1968 867 2015 quid
906 1968 1127 2016 potissimum
1167 1969 1407 2015 quaerendum
1438 1970 1495 2012 sit,

234 2026 457 2073 eundemque
480 2031 586 2073 prout
607 2024 675 2061 hoc
696 2022 753 2060 vel
775 2023 864 2060 illud
888 2024 1094 2071 quaestione
1120 2024 1355 2073 comparuerit
1378 2024 1496 2061 absol-

234 2094 314 2131 vere
350 2088 410 2117 aut
444 2080 677 2116 condemnare
708 2080 821 2125 jubet.
869 2080 945 2116 Ubi
981 2079 1140 2116 formulis
1175 2080 1244 2115 illis
1281 2080 1494 2117 solemnibus

233 2150 340 2174 causa
365 2142 536 2184 concepta
555 2142 619 2179 est,
643 2142 720 2171 tum
740 2135 884 2172 demum
906 2134 967 2171 lite
990 2141 1184 2171 contestata
1202 2148 1257 2172 res
1274 2136 1309 2171 in
1321 2135 1494 2182 judicium

232 2194 428 2230 deducitur.
478 2192 667 2229 Formulae
692 2191 773 2228 illae
797 2191 876 2239 lege
901 2191 1109 2227 constitutae
1132 2198 1224 2234 sunt,
1247 2191 1494 2239 concipiuntur

232 2249 273 2283 iis
298 2261 341 2283 ea
364 2260 455 2294 quae
480 2248 631 2284 afferunt
655 2247 844 2294 litigantes.
894 2245 1057 2290 Quorum
1081 2246 1110 2280 si
1135 2247 1214 2291 quis
1240 2253 1383 2293 propter
1402 2247 1492 2293 juris

231 2303 466 2350 ignorantiam
490 2310 550 2340 aut
575 2316 647 2339 non
673 2303 737 2339 rite
761 2301 840 2350 lege
864 2301 940 2349 agit
961 2307 1021 2337 aut
1045 2301 1144 2349 petit,
1174 2314 1264 2348 quae
1288 2307 1407 2349 petere
1431 2314 1494 2349 per

230 2359 347 2406 legem
394 2372 467 2395 non
515 2358 608 2402 licet,
656 2371 737 2395 eum
785 2370 893 2394 causa
943 2357 1069 2393 cadere
1110 2369 1253 2394 necesse
1290 2362 1353 2395 est.
1408 2358 1493 2394 Jam
