1734 2733
1468 116 1488 151 7

233 214 357 251 doctus
389 214 467 262 ipse
496 226 671 263 percurro.
719 214 821 249 Duas
858 213 967 260 igitur
996 211 1224 261 percurrendi
1256 223 1381 248 causas
1412 223 1491 247 esse

233 271 366 313 statuit,
390 270 534 306 alteram
557 269 654 317 quod
681 290 725 295 —-
748 274 789 304 ut
812 268 910 316 apud
932 269 1054 305 doctos
1078 288 1125 293 ——
1146 273 1320 315 properat,
1343 267 1489 302 alteram

233 326 330 373 quod
352 326 563 363 semidoctus
586 325 662 372 ipse
685 329 736 361 est
760 324 944 361 Antonius.
978 323 1063 361 Non
1082 323 1166 359 satis
1191 322 1305 371 placet
1326 323 1488 360 codicum

233 381 346 425 lectio,
368 381 530 430 displicet
553 380 733 416 Ellendtii.
781 379 880 425 Quid
906 379 1027 415 enim?
1067 378 1107 415 Si
1130 392 1237 426 quam
1260 379 1321 416 ille
1345 379 1488 427 excogi—

233 437 319 472 tavit
340 437 526 473 lectionem
551 447 634 472 vera
657 442 760 478 esset,
780 447 899 471 nonne
921 447 1063 483 prorsus
1078 447 1374 482 supervacaneum
1396 440 1487 470 esset

233 491 490 540 „properans“‘?
513 491 671 528 Nervum
694 498 787 527 certe
811 490 941 539 prioris
963 501 1091 527 causae
1113 489 1151 526 in
1173 488 1287 527 verbis
1309 496 1371 538 „ut
1392 490 1486 538 apud

233 547 377 584 doctos“
400 548 554 594 positum
572 560 647 583 esse
663 547 890 583 manifestum
910 553 974 582 est.
1004 547 1130 592 Itaque
1153 546 1184 581 si
1206 558 1311 592 quem
1325 547 1486 582 codicum

233 602 337 639 lectio
361 602 517 646 offendit,
541 602 572 638 is
588 602 719 639 scribat
733 602 885 639 suadeo:
910 603 1034 650 „Haec
1051 613 1257 650 properans,
1277 607 1318 637 ut
1341 608 1375 637 et
1392 601 1486 649 apud

232 659 355 697 doctos
383 665 418 697 et
440 659 649 697 semidoctus
671 660 756 707 ipse,
779 663 974 707 percurro“.

324 715 374 758 11,
401 717 452 751 18.
477 718 493 760 ξ
517 716 596 750 316.
638 716 692 758 ‚Et
714 716 765 751 ait
787 715 892 758 idem,
918 727 998 750 cum
1013 714 1194 749 brachium
1211 713 1487 752 concalefeeerit,

236 776 311 806 tum
334 782 372 807 se
391 769 504 808 solere
526 782 696 818 pugnare.
717 791 752 796 -
776 769 968 807 Pideritius
991 768 1038 806 ad
1060 768 1154 806 hune
1175 768 1293 805 locum
1312 768 1400 805 haec
1422 767 1486 804 ad-

233 826 386 863 notavit:
411 839 537 869 „wenn
562 839 600 863 er
623 826 698 862 also
720 826 779 862 die
800 826 945 874 nathige
975 826 1095 862 innere
1118 826 1265 863 Wiirme
1295 824 1404 868 fiihle,
1436 824 1485 860 im

235 882 443 923 Vertrauen,
467 881 548 917 dass
571 881 645 917 sich
668 881 763 917 dann
788 881 898 917 sehon
930 881 1133 917 dasrechte
1157 881 1264 918 Wort
1287 893 1355 917 von
1378 879 1486 916 selbst

233 937 408 974 einflnden
430 938 578 974 werde.“
625 937 728 983 Quae
750 937 857 975 verba
878 943 919 975 ut
942 950 1014 974 non
1045 936 1150 986 plane
1173 937 1364 980 declarant,
1400 935 1486 983 quid

232 994 389 1036 senserit,
414 994 462 1029 ita
488 994 745 1036 dubitationem
767 993 927 1036 afferunt,
949 1006 1033 1029 num
1061 993 1367 1040 comparationem,
1394 1004 1486 1038 quae

233 1047 270 1084 in
291 1048 368 1085 loco
393 1049 495 1092 inest,
522 1054 617 1086 reete
639 1048 861 1087 intellexerit.
909 1049 1036 1097 Neque
1062 1048 1156 1085 enim
1179 1047 1303 1087 Cicero
1327 1048 1371 1084 de
1395 1048 1485 1084 inte-

233 1105 324 1141 riore
353 1106 508 1151 quodam
546 1106 663 1142 calore
696 1106 862 1152 loquitur,
905 1119 977 1152 quo
1017 1106 1186 1152 impulsus
1214 1106 1400 1152 Philippus
1439 1105 1485 1140 ad

233 1159 419 1195 dicendum
442 1165 572 1208 surgat,
595 1160 657 1197 sed
681 1160 725 1196 de
747 1160 873 1203 calore,
897 1173 1002 1209 quem
1025 1160 1117 1197 inter
1144 1160 1332 1197 dicendum
1355 1159 1484 1195 sensim

232 1216 414 1264 concipere
448 1217 594 1253 solebat.
640 1216 798 1265 Philippi
836 1218 1011 1254 orationes
1050 1217 1253 1263 ceteroquin
1288 1215 1483 1251 laudabiles

233 1279 342 1315 erant,
368 1273 546 1320 frigebant
580 1273 742 1315 exordia,
777 1284 892 1319 neque
923 1273 1000 1320 ipse
1032 1273 1193 1319 negabat,
1220 1272 1413 1307 excusabat
1444 1283 1481 1306 se

231 1327 404 1375 dictitans,
427 1341 464 1364 se
488 1328 581 1365 idem
604 1328 731 1370 faeere,
754 1328 850 1375 quod
873 1327 1082 1376 gladiatores
1098 1329 1216 1365 faeere
1233 1327 1396 1372 solerent,
1421 1327 1483 1374 qui

232 1396 312 1420 eum
335 1384 515 1420 brachium
539 1383 846 1420 concalefecissent
878 1390 954 1420 tum
985 1385 1077 1420 serio
1108 1391 1144 1420 et
1173 1384 1317 1420 intentis
1347 1383 1482 1420 viribus

231 1446 437 1487 pugnarent.
486 1439 529 1473 In
552 1451 623 1485 quo
646 1451 719 1473 non
750 1439 908 1482 attendit,
937 1440 987 1476 ait
1018 1439 1154 1482 Cicero,
1191 1445 1362 1487 quantum
1390 1439 1481 1475 inter

232 1507 270 1531 se
294 1501 330 1531 et
353 1494 564 1543 gladiatores
588 1494 733 1530 intersit.
780 1493 838 1529 Illi
869 1495 972 1542 enim,
1004 1508 1085 1531 eum
1105 1495 1235 1544 primas
1262 1495 1340 1532 illas
1362 1495 1481 1531 hastas

230 1550 354 1587 leniter
372 1552 518 1598 jactant,
540 1551 578 1587 id
602 1554 761 1598 spectant
783 1551 890 1598 idque
912 1561 1157 1600 assequuntur,
1189 1558 1229 1588 ut
1250 1558 1286 1588 et
1307 1551 1483 1588 venustati

234 1607 386 1644 serviant
407 1613 443 1643 et
470 1605 615 1653 reliquis
646 1607 779 1643 viribus
812 1607 885 1643 suis
916 1608 1112 1655 consulant,
1141 1608 1329 1656 Philippus
1364 1613 1482 1645 autem

232 1664 417 1700 invenusta
439 1663 637 1699 orationum
665 1662 808 1699 exordia
829 1669 960 1700 temere
982 1663 1130 1700 effundit
1154 1664 1347 1711 perditque.

324 1719 392 1761 111,
416 1720 472 1755 61.
499 1719 515 1764 ξ
540 1718 620 1754 228.
667 1717 785 1761 Edidi,
809 1731 900 1765 quae
923 1720 1035 1767 potui,
1059 1732 1130 1756 non
1153 1726 1193 1756 ut
1215 1719 1322 1762 volui,
1359 1719 1421 1755 sed
1444 1725 1485 1755 ut

234 1787 289 1811 me
309 1774 476 1822 temporis
508 1773 689 1820 angustiae
720 1780 920 1821 coegerunt.
969 1775 1104 1811 Scitum
1135 1781 1189 1810 est
1215 1775 1311 1811 enim
1342 1786 1484 1810 causam

233 1830 391 1866 conferre
415 1829 452 1864 in
467 1835 616 1876 tempus,
639 1822 721 1864 cum
735 1828 872 1865 adferre
885 1829 998 1875 plura,
1023 1830 1053 1865 si
1069 1830 1203 1876 cupias,
1217 1843 1288 1866 non
1302 1841 1421 1875 queas.
1437 1850 1485 1867 -τ

235 1886 293 1921 Ad
316 1885 409 1921 hunc
432 1884 549 1920 locum
572 1895 595 1919 a
617 1883 790 1919 Pideritio
813 1884 900 1921 haee
925 1884 1091 1921 adnotata
1114 1892 1212 1920 sunt:
1236 1898 1377 1921 causam
1400 1897 1485 1921 oon-

234 1942 324 1978 ferre
341 1942 377 1977 in
393 1947 542 1988 tempus,
566 1939 644 1975 eine
660 1939 730 1975 fast
747 1940 1042 1987 spriehwo'rtliohe
1064 1941 1279 1977 Redensart:
1303 1942 1378 1978 sich
1393 1942 1485 1977 nach

233 1998 297 2034 der
331 1997 419 2039 Zeit‚
451 1996 508 2031 die
542 1994 657 2031 einem
685 2007 916 2043 zugemessen
938 1996 996 2039 ist,
1029 1995 1183 2043 richten3
1215 1997 1404 2045 eigentlieh
1428 1997 1485 2032 die

232 2052 346 2090 Sache
370 2053 455 2089 oder
471 2051 539 2087 den
557 2063 602 2086 zu
618 2049 886 2088 behandelnden
902 2051 1134 2101 Gegenstand
1151 2052 1189 2088 in
1205 2052 1263 2089 die
1280 2052 1487 2092 Schranken

234 2109 296 2145 der
325 2109 404 2144 Zeit
436 2108 564 2149 fassen,
595 2106 664 2154 die,
682 2119 766 2142 man
793 2107 862 2143 hat.
911 2109 1030 2154 Atque
1064 2109 1228 2154 equidem
1262 2109 1320 2155 „in
1349 2115 1487 2155 tempus

232 2162 413 2200 conferre“
442 2163 481 2198 id
510 2161 707 2211 significare
732 2174 835 2209 posse
858 2175 930 2199 non
954 2175 1058 2211 nego,
1087 2164 1154 2200 hoc
1183 2163 1261 2200 loco
1293 2163 1489 2211 significare

233 2232 305 2255 non
327 2219 457 2256 credo:
490 2217 588 2263 Quid
612 2217 706 2254 enim
728 2231 873 2265 quaeso,
896 2219 927 2255 si
951 2219 1018 2256 ista
1040 2232 1123 2256 vera
1147 2226 1239 2263 sunt,
1271 2219 1341 2255 sibi
1364 2219 1488 2257 volunt

233 2275 341 2311 verba
374 2286 465 2320 quae
500 2279 694 2319 sequuntur
732 2286 835 2317 „cum
866 2275 1003 2311 adferre
1035 2275 1147 2323 plura,
1185 2276 1216 2310 si
1248 2274 1379 2322 cupias,
1418 2288 1491 2311 non

233 2342 341 2376 queas
350 2329 386 2364 ?“
432 2330 489 2365 An
521 2333 562 2364 tu
595 2327 763 2365 Crassum
792 2329 861 2366 hoc
900 2330 1017 2367 dicere
1050 2330 1201 2367 voluisse
1238 2336 1362 2378 putas:
1399 2331 1491 2369 bene
