<?xml version="1.0" encoding="UTF-8"?>
<!DOCTYPE html PUBLIC "-//W3C//DTD XHTML 1.0 Transitional//EN"
    "http://www.w3.org/TR/xhtml1/DTD/xhtml1-transitional.dtd">
<html xmlns="http://www.w3.org/1999/xhtml" xml:lang="en" lang="en">
 <head>
  <title>
</title>
<meta http-equiv="Content-Type" content="text/html;charset=utf-8" />
  <meta name='ocr-system' content='tesseract 3.04.00' />
  <meta name='ocr-capabilities' content='ocr_page ocr_carea ocr_par ocr_line ocrx_word'/>
</head>
<body>
  <div class='ocr_page' id='page_1' title='image "4737424_0015.png"; bbox 0 0 1734 2733; ppageno 0'>
   <div class='ocr_carea' id='block_1_1' title="bbox 1385 170 1409 206">
    <p class='ocr_par' dir='ltr' id='par_1_1' title="bbox 1385 170 1409 206">
     <span class='ocr_line' id='line_1_1' title="bbox 1385 170 1409 206; baseline 0 0"><span class='ocrx_word' id='word_1_1' title='bbox 1385 170 1409 206; x_wconf 84' lang='lat'>3</span> 
     </span>
    </p>
   </div>
   <div class='ocr_carea' id='block_1_2' title="bbox 137 261 1408 2365">
    <p class='ocr_par' dir='ltr' id='par_1_2' title="bbox 137 261 1408 2309">
     <span class='ocr_line' id='line_1_2' title="bbox 152 261 1408 313; baseline 0.003 -17"><span class='ocrx_word' id='word_1_2' title='bbox 152 271 335 297; x_wconf 75' lang='lat' dir='ltr'><strong>causarum</strong></span> <span class='ocrx_word' id='word_1_3' title='bbox 371 261 518 309; x_wconf 88' lang='lat' dir='ltr'><strong>illarum,</strong></span> <span class='ocrx_word' id='word_1_4' title='bbox 549 269 639 313; x_wconf 84' lang='lat' dir='ltr'><strong>quas</strong></span> <span class='ocrx_word' id='word_1_5' title='bbox 669 261 835 298; x_wconf 79' lang='lat' dir='ltr'><strong>Crassus</strong></span> <span class='ocrx_word' id='word_1_6' title='bbox 851 270 1110 307; x_wconf 75' lang='lat' dir='ltr'><strong>commemorat,</strong></span> <span class='ocrx_word' id='word_1_7' title='bbox 1149 264 1186 299; x_wconf 90' lang='lat' dir='ltr'><strong>id</strong></span> <span class='ocrx_word' id='word_1_8' title='bbox 1221 276 1408 300; x_wconf 88' lang='lat' dir='ltr'><strong>commune</strong></span> 
     </span>
     <span class='ocr_line' id='line_1_3' title="bbox 151 317 1407 366; baseline 0.003 -14"><span class='ocrx_word' id='word_1_9' title='bbox 151 322 214 359; x_wconf 84' lang='lat' dir='ltr'><strong>est,</strong></span> <span class='ocrx_word' id='word_1_10' title='bbox 238 317 334 363; x_wconf 89' lang='lat' dir='ltr'><strong>quod</strong></span> <span class='ocrx_word' id='word_1_11' title='bbox 357 317 394 354; x_wconf 90' lang='lat' dir='ltr'><strong>in</strong></span> <span class='ocrx_word' id='word_1_12' title='bbox 417 323 567 365; x_wconf 80' lang='lat' dir='ltr'><strong>utraque</strong></span> <span class='ocrx_word' id='word_1_13' title='bbox 589 329 696 354; x_wconf 84' lang='lat' dir='ltr'><strong>causa</strong></span> <span class='ocrx_word' id='word_1_14' title='bbox 716 324 885 365; x_wconf 85' lang='lat' dir='ltr'><strong>patronus</strong></span> <span class='ocrx_word' id='word_1_15' title='bbox 908 320 997 366; x_wconf 90' lang='lat' dir='ltr'><strong>ejus,</strong></span> <span class='ocrx_word' id='word_1_16' title='bbox 1028 320 1089 366; x_wconf 93' lang='lat' dir='ltr'><strong>qui</strong></span> <span class='ocrx_word' id='word_1_17' title='bbox 1113 320 1150 355; x_wconf 94' lang='lat' dir='ltr'><strong>in</strong></span> <span class='ocrx_word' id='word_1_18' title='bbox 1173 320 1233 366; x_wconf 87' lang='lat' dir='ltr'><strong>jus</strong></span> <span class='ocrx_word' id='word_1_19' title='bbox 1257 319 1407 362; x_wconf 85' lang='lat' dir='ltr'><strong>vocavit,</strong></span> 
     </span>
     <span class='ocr_line' id='line_1_4' title="bbox 152 371 1408 422; baseline 0.003 -15"><span class='ocrx_word' id='word_1_20' title='bbox 152 371 232 418; x_wconf 87' lang='lat' dir='ltr'><strong>lege</strong></span> <span class='ocrx_word' id='word_1_21' title='bbox 255 374 394 419; x_wconf 85' lang='lat' dir='ltr'><strong>agendo</strong></span> <span class='ocrx_word' id='word_1_22' title='bbox 417 374 572 420; x_wconf 84' lang='lat' dir='ltr'><strong>petebat,</strong></span> <span class='ocrx_word' id='word_1_23' title='bbox 602 386 693 419; x_wconf 89' lang='lat' dir='ltr'><strong>quae</strong></span> <span class='ocrx_word' id='word_1_24' title='bbox 724 374 902 420; x_wconf 87' lang='lat' dir='ltr'><strong>postulare</strong></span> <span class='ocrx_word' id='word_1_25' title='bbox 932 387 996 422; x_wconf 89' lang='lat' dir='ltr'><strong>per</strong></span> <span class='ocrx_word' id='word_1_26' title='bbox 1026 374 1140 422; x_wconf 86' lang='lat' dir='ltr'><strong>legem</strong></span> <span class='ocrx_word' id='word_1_27' title='bbox 1169 388 1242 411; x_wconf 93' lang='lat' dir='ltr'><strong>non</strong></span> <span class='ocrx_word' id='word_1_28' title='bbox 1265 375 1408 417; x_wconf 85' lang='lat' dir='ltr'><strong>licebat,</strong></span> 
     </span>
     <span class='ocr_line' id='line_1_5' title="bbox 149 428 1408 477; baseline 0.003 -15"><span class='ocrx_word' id='word_1_29' title='bbox 149 432 316 473; x_wconf 87' lang='lat' dir='ltr'><strong>patronus</strong></span> <span class='ocrx_word' id='word_1_30' title='bbox 339 429 415 474; x_wconf 86' lang='lat' dir='ltr'><strong>ejus</strong></span> <span class='ocrx_word' id='word_1_31' title='bbox 433 434 561 470; x_wconf 89' lang='lat' dir='ltr'><strong>autem,</strong></span> <span class='ocrx_word' id='word_1_32' title='bbox 585 428 647 474; x_wconf 88' lang='lat' dir='ltr'><strong>qui</strong></span> <span class='ocrx_word' id='word_1_33' title='bbox 668 428 706 463; x_wconf 91' lang='lat' dir='ltr'><strong>in</strong></span> <span class='ocrx_word' id='word_1_34' title='bbox 725 428 785 473; x_wconf 90' lang='lat' dir='ltr'><strong>jus</strong></span> <span class='ocrx_word' id='word_1_35' title='bbox 804 435 946 464; x_wconf 87' lang='lat' dir='ltr'><strong>vocatus</strong></span> <span class='ocrx_word' id='word_1_36' title='bbox 962 436 1048 472; x_wconf 84' lang='lat' dir='ltr'><strong>erat,</strong></span> <span class='ocrx_word' id='word_1_37' title='bbox 1070 442 1143 466; x_wconf 88' lang='lat' dir='ltr'><strong>non</strong></span> <span class='ocrx_word' id='word_1_38' title='bbox 1166 430 1280 477; x_wconf 76' lang='lat' dir='ltr'><strong>magis</strong></span> <span class='ocrx_word' id='word_1_39' title='bbox 1302 442 1408 476; x_wconf 86' lang='lat' dir='ltr'><strong>quam</strong></span> 
     </span>
     <span class='ocr_line' id='line_1_6' title="bbox 149 481 1405 532; baseline 0.003 -15"><span class='ocrx_word' id='word_1_40' title='bbox 149 481 209 518; x_wconf 92' lang='lat' dir='ltr'><strong>ille</strong></span> <span class='ocrx_word' id='word_1_41' title='bbox 227 483 318 528; x_wconf 87' lang='lat' dir='ltr'><strong>juris</strong></span> <span class='ocrx_word' id='word_1_42' title='bbox 334 483 479 530; x_wconf 86' lang='lat' dir='ltr'><strong>peritus,</strong></span> <span class='ocrx_word' id='word_1_43' title='bbox 504 482 683 519; x_wconf 80' lang='lat' dir='ltr'><strong>stultitiam</strong></span> <span class='ocrx_word' id='word_1_44' title='bbox 700 482 889 518; x_wconf 88' lang='lat' dir='ltr'><strong>adversarii</strong></span> <span class='ocrx_word' id='word_1_45' title='bbox 903 484 940 519; x_wconf 91' lang='lat' dir='ltr'><strong>in</strong></span> <span class='ocrx_word' id='word_1_46' title='bbox 959 485 1039 530; x_wconf 89' lang='lat' dir='ltr'><strong>jure</strong></span> <span class='ocrx_word' id='word_1_47' title='bbox 1056 485 1279 532; x_wconf 83' lang='lat' dir='ltr'><strong>reprehendit</strong></span> <span class='ocrx_word' id='word_1_48' title='bbox 1294 493 1405 532; x_wconf 84' lang='lat' dir='ltr'><strong>utque</strong></span> 
     </span>
     <span class='ocr_line' id='line_1_7' title="bbox 149 537 1406 584; baseline 0.002 -12"><span class='ocrx_word' id='word_1_49' title='bbox 149 537 305 584; x_wconf 83' lang='lat' dir='ltr'><strong>legitima</strong></span> <span class='ocrx_word' id='word_1_50' title='bbox 329 537 387 573; x_wconf 94' lang='lat' dir='ltr'><strong>ille</strong></span> <span class='ocrx_word' id='word_1_51' title='bbox 411 544 547 584; x_wconf 85' lang='lat' dir='ltr'><strong>peteret</strong></span> <span class='ocrx_word' id='word_1_52' title='bbox 574 551 596 573; x_wconf 94' lang='lat' dir='ltr'><strong>a</strong></span> <span class='ocrx_word' id='word_1_53' title='bbox 618 543 779 584; x_wconf 89' lang='lat' dir='ltr'><strong>praetore</strong></span> <span class='ocrx_word' id='word_1_54' title='bbox 812 539 1001 581; x_wconf 76' lang='lat' dir='ltr'><strong>contendit,</strong></span> <span class='ocrx_word' id='word_1_55' title='bbox 1037 552 1117 575; x_wconf 88' lang='lat' dir='ltr'><strong>cum</strong></span> <span class='ocrx_word' id='word_1_56' title='bbox 1149 540 1179 575; x_wconf 90' lang='lat' dir='ltr'><strong>si</strong></span> <span class='ocrx_word' id='word_1_57' title='bbox 1212 541 1261 574; x_wconf 87' lang='lat' dir='ltr'><strong>ita</strong></span> <span class='ocrx_word' id='word_1_58' title='bbox 1284 546 1324 575; x_wconf 91' lang='lat' dir='ltr'><strong>ut</strong></span> <span class='ocrx_word' id='word_1_59' title='bbox 1347 540 1406 575; x_wconf 92' lang='lat' dir='ltr'><strong>ille</strong></span> 
     </span>
     <span class='ocr_line' id='line_1_8' title="bbox 149 592 1406 642; baseline 0.003 -14"><span class='ocrx_word' id='word_1_60' title='bbox 149 592 259 628; x_wconf 84' lang='lat' dir='ltr'><strong>voluit</strong></span> <span class='ocrx_word' id='word_1_61' title='bbox 274 605 392 629; x_wconf 87' lang='lat' dir='ltr'><strong>secum</strong></span> <span class='ocrx_word' id='word_1_62' title='bbox 410 593 469 640; x_wconf 83' lang='lat' dir='ltr'><strong>agi</strong></span> <span class='ocrx_word' id='word_1_63' title='bbox 484 605 609 641; x_wconf 89' lang='lat' dir='ltr'><strong>passus</strong></span> <span class='ocrx_word' id='word_1_64' title='bbox 624 598 718 629; x_wconf 85' lang='lat' dir='ltr'><strong>esset</strong></span> <span class='ocrx_word' id='word_1_65' title='bbox 733 593 987 641; x_wconf 80' lang='lat' dir='ltr'><strong>stultitiamque</strong></span> <span class='ocrx_word' id='word_1_66' title='bbox 1003 594 1194 632; x_wconf 86' lang='lat' dir='ltr'><strong>adversarii</strong></span> <span class='ocrx_word' id='word_1_67' title='bbox 1217 595 1254 630; x_wconf 88' lang='lat' dir='ltr'><strong>in</strong></span> <span class='ocrx_word' id='word_1_68' title='bbox 1271 595 1406 642; x_wconf 87' lang='lat' dir='ltr'><strong>judicio</strong></span> 
     </span>
     <span class='ocr_line' id='line_1_9' title="bbox 149 648 1406 698; baseline 0.002 -14"><span class='ocrx_word' id='word_1_69' title='bbox 149 648 185 684; x_wconf 87' lang='lat' dir='ltr'><strong>in</strong></span> <span class='ocrx_word' id='word_1_70' title='bbox 209 662 310 685; x_wconf 89' lang='lat' dir='ltr'><strong>suum</strong></span> <span class='ocrx_word' id='word_1_71' title='bbox 335 662 437 691; x_wconf 87' lang='lat' dir='ltr'><strong>usum</strong></span> <span class='ocrx_word' id='word_1_72' title='bbox 460 649 700 692; x_wconf 88' lang='lat' dir='ltr'><strong>convertisset,</strong></span> <span class='ocrx_word' id='word_1_73' title='bbox 724 650 961 687; x_wconf 86' lang='lat' dir='ltr'><strong>adversarium</strong></span> <span class='ocrx_word' id='word_1_74' title='bbox 980 650 1078 687; x_wconf 90' lang='lat' dir='ltr'><strong>litem</strong></span> <span class='ocrx_word' id='word_1_75' title='bbox 1100 651 1246 698; x_wconf 86' lang='lat' dir='ltr'><strong>perdere</strong></span> <span class='ocrx_word' id='word_1_76' title='bbox 1263 664 1406 688; x_wconf 88' lang='lat' dir='ltr'><strong>necesse</strong></span> 
     </span>
     <span class='ocr_line' id='line_1_10' title="bbox 148 705 1405 752; baseline 0.002 -13"><span class='ocrx_word' id='word_1_77' title='bbox 148 711 250 741; x_wconf 90' lang='lat' dir='ltr'><strong>esset.</strong></span> <span class='ocrx_word' id='word_1_78' title='bbox 286 706 476 752; x_wconf 86' lang='lat' dir='ltr'><strong>Hypsaeus</strong></span> <span class='ocrx_word' id='word_1_79' title='bbox 498 710 616 741; x_wconf 87' lang='lat' dir='ltr'><strong>orator</strong></span> <span class='ocrx_word' id='word_1_80' title='bbox 638 705 743 747; x_wconf 91' lang='lat' dir='ltr'><strong>enim,</strong></span> <span class='ocrx_word' id='word_1_81' title='bbox 766 705 892 752; x_wconf 88' lang='lat' dir='ltr'><strong>pupilli</strong></span> <span class='ocrx_word' id='word_1_82' title='bbox 906 713 1048 742; x_wconf 87' lang='lat' dir='ltr'><strong>causam</strong></span> <span class='ocrx_word' id='word_1_83' title='bbox 1062 707 1230 743; x_wconf 82' lang='lat' dir='ltr'><strong>adversus</strong></span> <span class='ocrx_word' id='word_1_84' title='bbox 1253 713 1405 742; x_wconf 90' lang='lat' dir='ltr'><strong>tutorem</strong></span> 
     </span>
     <span class='ocr_line' id='line_1_11' title="bbox 148 759 1405 806; baseline 0.002 -11"><span class='ocrx_word' id='word_1_85' title='bbox 148 771 269 806; x_wconf 80' lang='lat' dir='ltr'><strong>agens,</strong></span> <span class='ocrx_word' id='word_1_86' title='bbox 293 772 373 796; x_wconf 89' lang='lat' dir='ltr'><strong>cum</strong></span> <span class='ocrx_word' id='word_1_87' title='bbox 395 759 514 795; x_wconf 81' lang='lat' dir='ltr'><strong>lex&#39;in</strong></span> <span class='ocrx_word' id='word_1_88' title='bbox 535 760 616 796; x_wconf 87' lang='lat' dir='ltr'><strong>XII</strong></span> <span class='ocrx_word' id='word_1_89' title='bbox 636 760 766 796; x_wconf 86' lang='lat' dir='ltr'><strong>tabulis</strong></span> <span class='ocrx_word' id='word_1_90' title='bbox 791 760 964 797; x_wconf 77' lang='lat' dir='ltr'><strong>actionem</strong></span> <span class='ocrx_word' id='word_1_91' title='bbox 994 761 1160 797; x_wconf 87' lang='lat' dir='ltr'><strong>adversus</strong></span> <span class='ocrx_word' id='word_1_92' title='bbox 1183 767 1335 797; x_wconf 85' lang='lat' dir='ltr'><strong>tutorem</strong></span> <span class='ocrx_word' id='word_1_93' title='bbox 1368 762 1405 797; x_wconf 89' lang='lat' dir='ltr'><strong>in</strong></span> 
     </span>
     <span class='ocr_line' id='line_1_12' title="bbox 147 814 1406 865; baseline 0.003 -15"><span class='ocrx_word' id='word_1_94' title='bbox 147 814 295 863; x_wconf 87' lang='lat' dir='ltr'><strong>duplum</strong></span> <span class='ocrx_word' id='word_1_95' title='bbox 324 815 537 858; x_wconf 87' lang='lat' dir='ltr'><strong>decerneret,</strong></span> <span class='ocrx_word' id='word_1_96' title='bbox 575 815 656 863; x_wconf 91' lang='lat' dir='ltr'><strong>plus</strong></span> <span class='ocrx_word' id='word_1_97' title='bbox 685 816 793 863; x_wconf 92' lang='lat' dir='ltr'><strong>duplo</strong></span> <span class='ocrx_word' id='word_1_98' title='bbox 823 816 902 865; x_wconf 85' lang='lat' dir='ltr'><strong>lege</strong></span> <span class='ocrx_word' id='word_1_99' title='bbox 934 818 1071 864; x_wconf 86' lang='lat' dir='ltr'><strong>agendo</strong></span> <span class='ocrx_word' id='word_1_100' title='bbox 1096 818 1249 865; x_wconf 87' lang='lat' dir='ltr'><strong>petebat.</strong></span> <span class='ocrx_word' id='word_1_101' title='bbox 1296 816 1406 862; x_wconf 86' lang='lat' dir='ltr'><strong>Quod</strong></span> 
     </span>
     <span class='ocr_line' id='line_1_13' title="bbox 148 871 1406 921; baseline 0.002 -15"><span class='ocrx_word' id='word_1_102' title='bbox 148 871 178 906; x_wconf 88' lang='lat' dir='ltr'><strong>si</strong></span> <span class='ocrx_word' id='word_1_103' title='bbox 201 872 431 918; x_wconf 77' lang='lat' dir='ltr'><strong>impetrasset,</strong></span> <span class='ocrx_word' id='word_1_104' title='bbox 462 877 501 906; x_wconf 89' lang='lat' dir='ltr'><strong>ut</strong></span> <span class='ocrx_word' id='word_1_105' title='bbox 528 883 584 906; x_wconf 89' lang='lat' dir='ltr'><strong>res</strong></span> <span class='ocrx_word' id='word_1_106' title='bbox 612 871 663 906; x_wconf 89' lang='lat' dir='ltr'><strong>ita</strong></span> <span class='ocrx_word' id='word_1_107' title='bbox 695 878 866 919; x_wconf 87' lang='lat' dir='ltr'><strong>concepta</strong></span> <span class='ocrx_word' id='word_1_108' title='bbox 899 872 936 907; x_wconf 91' lang='lat' dir='ltr'><strong>in</strong></span> <span class='ocrx_word' id='word_1_109' title='bbox 969 873 1139 918; x_wconf 86' lang='lat' dir='ltr'><strong>judicium</strong></span> <span class='ocrx_word' id='word_1_110' title='bbox 1162 873 1406 921; x_wconf 84' lang='lat' dir='ltr'><strong>deduceretur,</strong></span> 
     </span>
     <span class='ocr_line' id='line_1_14' title="bbox 147 925 1405 976; baseline 0.002 -14"><span class='ocrx_word' id='word_1_111' title='bbox 147 937 255 962; x_wconf 83' lang='lat' dir='ltr'><strong>causa</strong></span> <span class='ocrx_word' id='word_1_112' title='bbox 288 926 437 962; x_wconf 87' lang='lat' dir='ltr'><strong>caderet.</strong></span> <span class='ocrx_word' id='word_1_113' title='bbox 492 925 557 962; x_wconf 89' lang='lat' dir='ltr'><strong>Cn.</strong></span> <span class='ocrx_word' id='word_1_114' title='bbox 588 925 760 962; x_wconf 84' lang='lat' dir='ltr'><strong>Octavius</strong></span> <span class='ocrx_word' id='word_1_115' title='bbox 795 933 933 971; x_wconf 88' lang='lat' dir='ltr'><strong>autem,</strong></span> <span class='ocrx_word' id='word_1_116' title='bbox 964 928 1026 974; x_wconf 90' lang='lat' dir='ltr'><strong>qui</strong></span> <span class='ocrx_word' id='word_1_117' title='bbox 1060 941 1124 976; x_wconf 92' lang='lat' dir='ltr'><strong>pro</strong></span> <span class='ocrx_word' id='word_1_118' title='bbox 1153 933 1269 963; x_wconf 85' lang='lat' dir='ltr'><strong>tutore</strong></span> <span class='ocrx_word' id='word_1_119' title='bbox 1304 928 1405 971; x_wconf 89' lang='lat' dir='ltr'><strong>dixit,</strong></span> 
     </span>
     <span class='ocr_line' id='line_1_15' title="bbox 147 981 1404 1029; baseline 0.002 -12"><span class='ocrx_word' id='word_1_120' title='bbox 147 994 262 1018; x_wconf 86' lang='lat' dir='ltr'><strong>errare</strong></span> <span class='ocrx_word' id='word_1_121' title='bbox 303 983 541 1020; x_wconf 84' lang='lat' dir='ltr'><strong>adversarium</strong></span> <span class='ocrx_word' id='word_1_122' title='bbox 580 981 808 1029; x_wconf 69' lang='lat' dir='ltr'><strong>intelligebat,</strong></span> <span class='ocrx_word' id='word_1_123' title='bbox 850 983 904 1018; x_wconf 89' lang='lat' dir='ltr'><strong>uti</strong></span> <span class='ocrx_word' id='word_1_124' title='bbox 943 995 1060 1019; x_wconf 88' lang='lat' dir='ltr'><strong>errore</strong></span> <span class='ocrx_word' id='word_1_125' title='bbox 1100 985 1177 1029; x_wconf 87' lang='lat' dir='ltr'><strong>ejus</strong></span> <span class='ocrx_word' id='word_1_126' title='bbox 1216 984 1404 1020; x_wconf 78' lang='lat' dir='ltr'><strong>nesciebat.</strong></span> 
     </span>
     <span class='ocr_line' id='line_1_16' title="bbox 145 1036 1402 1087; baseline 0.001 -14"><span class='ocrx_word' id='word_1_127' title='bbox 145 1036 308 1085; x_wconf 79' lang='lat' dir='ltr'><strong>Namque</strong></span> <span class='ocrx_word' id='word_1_128' title='bbox 331 1050 423 1082; x_wconf 87' lang='lat' dir='ltr'><strong>eum,</strong></span> <span class='ocrx_word' id='word_1_129' title='bbox 441 1037 520 1087; x_wconf 91' lang='lat' dir='ltr'><strong>plus</strong></span> <span class='ocrx_word' id='word_1_130' title='bbox 537 1050 656 1075; x_wconf 87' lang='lat' dir='ltr'><strong>secum</strong></span> <span class='ocrx_word' id='word_1_131' title='bbox 680 1037 740 1085; x_wconf 87' lang='lat' dir='ltr'><strong>agi</strong></span> <span class='ocrx_word' id='word_1_132' title='bbox 763 1050 870 1085; x_wconf 89' lang='lat' dir='ltr'><strong>quam</strong></span> <span class='ocrx_word' id='word_1_133' title='bbox 886 1038 982 1085; x_wconf 92' lang='lat' dir='ltr'><strong>quod</strong></span> <span class='ocrx_word' id='word_1_134' title='bbox 1005 1051 1068 1086; x_wconf 90' lang='lat' dir='ltr'><strong>per</strong></span> <span class='ocrx_word' id='word_1_135' title='bbox 1091 1038 1207 1086; x_wconf 86' lang='lat' dir='ltr'><strong>legem</strong></span> <span class='ocrx_word' id='word_1_136' title='bbox 1229 1038 1357 1075; x_wconf 79' lang='lat' dir='ltr'><strong>licebat</strong></span> <span class='ocrx_word' id='word_1_137' title='bbox 1373 1039 1402 1074; x_wconf 86' lang='lat' dir='ltr'><strong>si</strong></span> 
     </span>
     <span class='ocr_line' id='line_1_17' title="bbox 144 1094 1402 1146; baseline 0.002 -16"><span class='ocrx_word' id='word_1_138' title='bbox 144 1106 268 1146; x_wconf 84' lang='lat' dir='ltr'><strong>passus</strong></span> <span class='ocrx_word' id='word_1_139' title='bbox 292 1101 384 1131; x_wconf 88' lang='lat' dir='ltr'><strong>esset</strong></span> <span class='ocrx_word' id='word_1_140' title='bbox 406 1108 515 1142; x_wconf 91' lang='lat' dir='ltr'><strong>reque</strong></span> <span class='ocrx_word' id='word_1_141' title='bbox 538 1095 588 1131; x_wconf 86' lang='lat' dir='ltr'><strong>ita</strong></span> <span class='ocrx_word' id='word_1_142' title='bbox 613 1095 650 1130; x_wconf 91' lang='lat' dir='ltr'><strong>in</strong></span> <span class='ocrx_word' id='word_1_143' title='bbox 672 1094 847 1139; x_wconf 85' lang='lat' dir='ltr'><strong>judicium</strong></span> <span class='ocrx_word' id='word_1_144' title='bbox 878 1094 1027 1131; x_wconf 83' lang='lat' dir='ltr'><strong>deducta</strong></span> <span class='ocrx_word' id='word_1_145' title='bbox 1056 1095 1167 1142; x_wconf 84' lang='lat' dir='ltr'><strong>pluris</strong></span> <span class='ocrx_word' id='word_1_146' title='bbox 1197 1095 1402 1142; x_wconf 86' lang='lat' dir='ltr'><strong>petitionem</strong></span> 
     </span>
     <span class='ocr_line' id='line_1_18' title="bbox 141 1150 1401 1197; baseline 0.002 -13"><span class='ocrx_word' id='word_1_147' title='bbox 141 1150 255 1195; x_wconf 87' lang='lat' dir='ltr'><strong>judici</strong></span> <span class='ocrx_word' id='word_1_148' title='bbox 277 1151 470 1197; x_wconf 81' lang='lat' dir='ltr'><strong>probasset,</strong></span> <span class='ocrx_word' id='word_1_149' title='bbox 506 1150 601 1185; x_wconf 86' lang='lat' dir='ltr'><strong>haud</strong></span> <span class='ocrx_word' id='word_1_150' title='bbox 630 1150 735 1185; x_wconf 89' lang='lat' dir='ltr'><strong>dubie</strong></span> <span class='ocrx_word' id='word_1_151' title='bbox 766 1151 922 1186; x_wconf 88' lang='lat' dir='ltr'><strong>victurus</strong></span> <span class='ocrx_word' id='word_1_152' title='bbox 946 1151 1063 1193; x_wconf 87' lang='lat' dir='ltr'><strong>fuerit,</strong></span> <span class='ocrx_word' id='word_1_153' title='bbox 1088 1164 1109 1185; x_wconf 87' lang='lat' dir='ltr'><strong>a</strong></span> <span class='ocrx_word' id='word_1_154' title='bbox 1132 1157 1291 1197; x_wconf 83' lang='lat' dir='ltr'><strong>praetore</strong></span> <span class='ocrx_word' id='word_1_155' title='bbox 1315 1163 1401 1186; x_wconf 89' lang='lat' dir='ltr'><strong>con-</strong></span> 
     </span>
     <span class='ocr_line' id='line_1_19' title="bbox 144 1205 1400 1253; baseline 0.002 -13"><span class='ocrx_word' id='word_1_156' title='bbox 144 1205 266 1248; x_wconf 86' lang='lat' dir='ltr'><strong>tendit,</strong></span> <span class='ocrx_word' id='word_1_157' title='bbox 289 1219 333 1241; x_wconf 90' lang='lat' dir='ltr'><strong>ne</strong></span> <span class='ocrx_word' id='word_1_158' title='bbox 357 1206 434 1252; x_wconf 90' lang='lat' dir='ltr'><strong>plus</strong></span> <span class='ocrx_word' id='word_1_159' title='bbox 451 1205 671 1241; x_wconf 81' lang='lat' dir='ltr'><strong>adversarius</strong></span> <span class='ocrx_word' id='word_1_160' title='bbox 688 1212 831 1252; x_wconf 77' lang='lat' dir='ltr'><strong>peteret,</strong></span> <span class='ocrx_word' id='word_1_161' title='bbox 856 1217 963 1251; x_wconf 90' lang='lat' dir='ltr'><strong>quam</strong></span> <span class='ocrx_word' id='word_1_162' title='bbox 980 1205 1036 1241; x_wconf 89' lang='lat' dir='ltr'><strong>lex</strong></span> <span class='ocrx_word' id='word_1_163' title='bbox 1053 1205 1291 1253; x_wconf 54' lang='lat' dir='ltr'><strong>permitteret„</strong></span> <span class='ocrx_word' id='word_1_164' title='bbox 1317 1205 1400 1250; x_wconf 88' lang='lat' dir='ltr'><strong>Quo</strong></span> 
     </span>
     <span class='ocr_line' id='line_1_20' title="bbox 144 1260 1400 1308; baseline 0.002 -13"><span class='ocrx_word' id='word_1_165' title='bbox 144 1260 236 1295; x_wconf 70' lang='lat' dir='ltr'><strong>facto</strong></span> <span class='ocrx_word' id='word_1_166' title='bbox 258 1266 389 1296; x_wconf 85' lang='lat' dir='ltr'><strong>temere</strong></span> <span class='ocrx_word' id='word_1_167' title='bbox 413 1261 567 1308; x_wconf 88' lang='lat' dir='ltr'><strong>perdidit</strong></span> <span class='ocrx_word' id='word_1_168' title='bbox 582 1261 815 1303; x_wconf 88' lang='lat' dir='ltr'><strong>commodum,</strong></span> <span class='ocrx_word' id='word_1_169' title='bbox 838 1261 939 1306; x_wconf 90' lang='lat' dir='ltr'><strong>cujus</strong></span> <span class='ocrx_word' id='word_1_170' title='bbox 956 1260 1253 1307; x_wconf 79' lang='lat' dir='ltr'><strong>opportunitatem</strong></span> <span class='ocrx_word' id='word_1_171' title='bbox 1277 1261 1400 1298; x_wconf 85' lang='lat' dir='ltr'><strong>adver-</strong></span> 
     </span>
     <span class='ocr_line' id='line_1_21' title="bbox 145 1314 1400 1353; baseline 0.002 -3"><span class='ocrx_word' id='word_1_172' title='bbox 145 1315 228 1350; x_wconf 82' lang='lat' dir='ltr'><strong>sarii</strong></span> <span class='ocrx_word' id='word_1_173' title='bbox 251 1316 397 1351; x_wconf 82' lang='lat' dir='ltr'><strong>stultitia</strong></span> <span class='ocrx_word' id='word_1_174' title='bbox 422 1316 595 1353; x_wconf 84' lang='lat' dir='ltr'><strong>attulerat.</strong></span> <span class='ocrx_word' id='word_1_175' title='bbox 644 1315 829 1352; x_wconf 80' lang='lat' dir='ltr'><strong>simillima</strong></span> <span class='ocrx_word' id='word_1_176' title='bbox 858 1322 911 1351; x_wconf 90' lang='lat' dir='ltr'><strong>est</strong></span> <span class='ocrx_word' id='word_1_177' title='bbox 941 1314 1049 1351; x_wconf 82' lang='lat' dir='ltr'><strong>altera</strong></span> <span class='ocrx_word' id='word_1_178' title='bbox 1072 1328 1188 1353; x_wconf 85' lang='lat' dir='ltr'><strong>causa.</strong></span> <span class='ocrx_word' id='word_1_179' title='bbox 1236 1316 1400 1353; x_wconf 86' lang='lat' dir='ltr'><strong>Creditor</strong></span> 
     </span>
     <span class='ocr_line' id='line_1_22' title="bbox 143 1371 1399 1419; baseline 0.002 -13"><span class='ocrx_word' id='word_1_180' title='bbox 143 1371 285 1416; x_wconf 75' lang='lat' dir='ltr'><strong>quidam</strong></span> <span class='ocrx_word' id='word_1_181' title='bbox 309 1372 496 1418; x_wconf 83' lang='lat' dir='ltr'><strong>pecuniam</strong></span> <span class='ocrx_word' id='word_1_182' title='bbox 524 1371 693 1407; x_wconf 82' lang='lat' dir='ltr'><strong>creditam</strong></span> <span class='ocrx_word' id='word_1_183' title='bbox 718 1384 782 1419; x_wconf 91' lang='lat' dir='ltr'><strong>per</strong></span> <span class='ocrx_word' id='word_1_184' title='bbox 816 1371 913 1407; x_wconf 85' lang='lat' dir='ltr'><strong>litem</strong></span> <span class='ocrx_word' id='word_1_185' title='bbox 945 1371 1072 1419; x_wconf 84' lang='lat' dir='ltr'><strong>exegit,</strong></span> <span class='ocrx_word' id='word_1_186' title='bbox 1107 1372 1206 1418; x_wconf 88' lang='lat' dir='ltr'><strong>cujus</strong></span> <span class='ocrx_word' id='word_1_187' title='bbox 1229 1372 1399 1419; x_wconf 87' lang='lat' dir='ltr'><strong>pecuniae</strong></span> 
     </span>
     <span class='ocr_line' id='line_1_23' title="bbox 143 1427 1399 1475; baseline 0.002 -13"><span class='ocrx_word' id='word_1_188' title='bbox 143 1439 213 1462; x_wconf 91' lang='lat' dir='ltr'><strong>non</strong></span> <span class='ocrx_word' id='word_1_189' title='bbox 235 1427 342 1462; x_wconf 81' lang='lat' dir='ltr'><strong>totius</strong></span> <span class='ocrx_word' id='word_1_190' title='bbox 368 1428 431 1463; x_wconf 89' lang='lat' dir='ltr'><strong>sed</strong></span> <span class='ocrx_word' id='word_1_191' title='bbox 451 1428 560 1475; x_wconf 81' lang='lat' dir='ltr'><strong>partis</strong></span> <span class='ocrx_word' id='word_1_192' title='bbox 584 1427 660 1463; x_wconf 88' lang='lat' dir='ltr'><strong>dies</strong></span> <span class='ocrx_word' id='word_1_193' title='bbox 685 1433 837 1469; x_wconf 85' lang='lat' dir='ltr'><strong>venerat,</strong></span> <span class='ocrx_word' id='word_1_194' title='bbox 861 1439 978 1473; x_wconf 90' lang='lat' dir='ltr'><strong>neque</strong></span> <span class='ocrx_word' id='word_1_195' title='bbox 1001 1433 1121 1462; x_wconf 85' lang='lat' dir='ltr'><strong>tamen</strong></span> <span class='ocrx_word' id='word_1_196' title='bbox 1145 1427 1281 1463; x_wconf 86' lang='lat' dir='ltr'><strong>addidit</strong></span> <span class='ocrx_word' id='word_1_197' title='bbox 1304 1428 1399 1474; x_wconf 92' lang='lat' dir='ltr'><strong>quod</strong></span> 
     </span>
     <span class='ocr_line' id='line_1_24' title="bbox 142 1481 1399 1529; baseline 0.002 -13"><span class='ocrx_word' id='word_1_198' title='bbox 142 1482 270 1517; x_wconf 84' lang='lat' dir='ltr'><strong>addere</strong></span> <span class='ocrx_word' id='word_1_199' title='bbox 285 1482 438 1518; x_wconf 87' lang='lat' dir='ltr'><strong>debebat</strong></span> <span class='ocrx_word' id='word_1_200' title='bbox 462 1484 585 1529; x_wconf 87' lang='lat' dir='ltr'><strong>„cujus</strong></span> <span class='ocrx_word' id='word_1_201' title='bbox 608 1481 780 1529; x_wconf 89' lang='lat' dir='ltr'><strong>pecuniae</strong></span> <span class='ocrx_word' id='word_1_202' title='bbox 804 1482 879 1517; x_wconf 84' lang='lat' dir='ltr'><strong>dies</strong></span> <span class='ocrx_word' id='word_1_203' title='bbox 904 1481 1061 1518; x_wconf 56' lang='lat' dir='ltr'><strong>fuisset‘e</strong></span> <span class='ocrx_word' id='word_1_204' title='bbox 1111 1481 1215 1526; x_wconf 84' lang='lat' dir='ltr'><strong>Quae</strong></span> <span class='ocrx_word' id='word_1_205' title='bbox 1239 1483 1345 1518; x_wconf 87' lang='lat' dir='ltr'><strong>verba</strong></span> <span class='ocrx_word' id='word_1_206' title='bbox 1368 1483 1399 1518; x_wconf 88' lang='lat' dir='ltr'><strong>si</strong></span> 
     </span>
     <span class='ocr_line' id='line_1_25' title="bbox 143 1537 1400 1587; baseline 0.001 -14"><span class='ocrx_word' id='word_1_207' title='bbox 143 1538 179 1573; x_wconf 89' lang='lat' dir='ltr'><strong>in</strong></span> <span class='ocrx_word' id='word_1_208' title='bbox 198 1539 278 1584; x_wconf 86' lang='lat' dir='ltr'><strong>jure</strong></span> <span class='ocrx_word' id='word_1_209' title='bbox 303 1538 503 1581; x_wconf 85' lang='lat' dir='ltr'><strong>addidisset,</strong></span> <span class='ocrx_word' id='word_1_210' title='bbox 523 1537 719 1586; x_wconf 84' lang='lat' dir='ltr'><strong>periculum</strong></span> <span class='ocrx_word' id='word_1_211' title='bbox 740 1550 813 1574; x_wconf 88' lang='lat' dir='ltr'><strong>non</strong></span> <span class='ocrx_word' id='word_1_212' title='bbox 830 1544 916 1580; x_wconf 88' lang='lat' dir='ltr'><strong>erat,</strong></span> <span class='ocrx_word' id='word_1_213' title='bbox 940 1550 995 1584; x_wconf 90' lang='lat' dir='ltr'><strong>ne,</strong></span> <span class='ocrx_word' id='word_1_214' title='bbox 1029 1537 1112 1584; x_wconf 83' lang='lat' dir='ltr'><strong>quia</strong></span> <span class='ocrx_word' id='word_1_215' title='bbox 1135 1538 1316 1586; x_wconf 88' lang='lat' dir='ltr'><strong>petivisset</strong></span> <span class='ocrx_word' id='word_1_216' title='bbox 1337 1551 1400 1587; x_wconf 90' lang='lat' dir='ltr'><strong>pe·-</strong></span> 
     </span>
     <span class='ocr_line' id='line_1_26' title="bbox 142 1594 1400 1642; baseline 0 -12"><span class='ocrx_word' id='word_1_217' title='bbox 142 1595 281 1631; x_wconf 88' lang='lat' dir='ltr'><strong>cuniam</strong></span> <span class='ocrx_word' id='word_1_218' title='bbox 298 1600 485 1642; x_wconf 85' lang='lat' dir='ltr'><strong>antequam</strong></span> <span class='ocrx_word' id='word_1_219' title='bbox 503 1600 628 1642; x_wconf 87' lang='lat' dir='ltr'><strong>coepta</strong></span> <span class='ocrx_word' id='word_1_220' title='bbox 651 1600 744 1630; x_wconf 81' lang='lat' dir='ltr'><strong>esset</strong></span> <span class='ocrx_word' id='word_1_221' title='bbox 768 1594 901 1637; x_wconf 90' lang='lat' dir='ltr'><strong>deberi,</strong></span> <span class='ocrx_word' id='word_1_222' title='bbox 925 1594 962 1629; x_wconf 89' lang='lat' dir='ltr'><strong>in</strong></span> <span class='ocrx_word' id='word_1_223' title='bbox 977 1594 1113 1640; x_wconf 87' lang='lat' dir='ltr'><strong>judicio</strong></span> <span class='ocrx_word' id='word_1_224' title='bbox 1127 1606 1234 1630; x_wconf 88' lang='lat' dir='ltr'><strong>eausa</strong></span> <span class='ocrx_word' id='word_1_225' title='bbox 1248 1594 1400 1639; x_wconf 87' lang='lat' dir='ltr'><strong>caderet,</strong></span> 
     </span>
     <span class='ocr_line' id='line_1_27' title="bbox 141 1649 1400 1697; baseline -0.001 -11"><span class='ocrx_word' id='word_1_226' title='bbox 141 1663 229 1686; x_wconf 88' lang='lat' dir='ltr'><strong>neve</strong></span> <span class='ocrx_word' id='word_1_227' title='bbox 252 1651 378 1686; x_wconf 87' lang='lat' dir='ltr'><strong>iterum</strong></span> <span class='ocrx_word' id='word_1_228' title='bbox 401 1650 482 1697; x_wconf 87' lang='lat' dir='ltr'><strong>lege</strong></span> <span class='ocrx_word' id='word_1_229' title='bbox 506 1649 626 1697; x_wconf 84' lang='lat' dir='ltr'><strong>agenti</strong></span> <span class='ocrx_word' id='word_1_230' title='bbox 650 1650 804 1686; x_wconf 72' lang='lat' dir='ltr'><strong>obstaret</strong></span> <span class='ocrx_word' id='word_1_231' title='bbox 827 1650 999 1697; x_wconf 87' lang='lat' dir='ltr'><strong>exceptio,</strong></span> <span class='ocrx_word' id='word_1_232' title='bbox 1023 1650 1119 1696; x_wconf 92' lang='lat' dir='ltr'><strong>quod</strong></span> <span class='ocrx_word' id='word_1_233' title='bbox 1143 1661 1186 1685; x_wconf 88' lang='lat' dir='ltr'><strong>ea</strong></span> <span class='ocrx_word' id='word_1_234' title='bbox 1205 1662 1261 1685; x_wconf 87' lang='lat' dir='ltr'><strong>res</strong></span> <span class='ocrx_word' id='word_1_235' title='bbox 1283 1650 1322 1688; x_wconf 87' lang='lat' dir='ltr'><strong>iu</strong></span> <span class='ocrx_word' id='word_1_236' title='bbox 1341 1651 1400 1697; x_wconf 90' lang='lat' dir='ltr'><strong>ju-</strong></span> 
     </span>
     <span class='ocr_line' id='line_1_28' title="bbox 140 1705 1399 1753; baseline -0.001 -11"><span class='ocrx_word' id='word_1_237' title='bbox 140 1707 271 1742; x_wconf 88' lang='lat' dir='ltr'><strong>dicium</strong></span> <span class='ocrx_word' id='word_1_238' title='bbox 295 1711 375 1742; x_wconf 87' lang='lat' dir='ltr'><strong>ante</strong></span> <span class='ocrx_word' id='word_1_239' title='bbox 399 1706 557 1742; x_wconf 86' lang='lat' dir='ltr'><strong>venisset.</strong></span> <span class='ocrx_word' id='word_1_240' title='bbox 603 1705 780 1741; x_wconf 77' lang='lat' dir='ltr'><strong>Patronus</strong></span> <span class='ocrx_word' id='word_1_241' title='bbox 814 1711 934 1741; x_wconf 86' lang='lat' dir='ltr'><strong>autem</strong></span> <span class='ocrx_word' id='word_1_242' title='bbox 965 1706 1049 1751; x_wconf 86' lang='lat' dir='ltr'><strong>ejus,</strong></span> <span class='ocrx_word' id='word_1_243' title='bbox 1085 1705 1180 1741; x_wconf 87' lang='lat' dir='ltr'><strong>unde</strong></span> <span class='ocrx_word' id='word_1_244' title='bbox 1203 1706 1399 1753; x_wconf 79' lang='lat' dir='ltr'><strong>petebatur,</strong></span> 
     </span>
     <span class='ocr_line' id='line_1_29' title="bbox 142 1760 1398 1808; baseline -0.002 -9"><span class='ocrx_word' id='word_1_245' title='bbox 142 1776 221 1799; x_wconf 88' lang='lat' dir='ltr'><strong>cum</strong></span> <span class='ocrx_word' id='word_1_246' title='bbox 244 1763 352 1799; x_wconf 83' lang='lat' dir='ltr'><strong>verba</strong></span> <span class='ocrx_word' id='word_1_247' title='bbox 380 1760 441 1797; x_wconf 86' lang='lat' dir='ltr'><strong>illa</strong></span> <span class='ocrx_word' id='word_1_248' title='bbox 463 1761 773 1808; x_wconf 86' lang='lat' dir='ltr'><strong>praescriptionem</strong></span> <span class='ocrx_word' id='word_1_249' title='bbox 801 1774 878 1798; x_wconf 88' lang='lat' dir='ltr'><strong>esse</strong></span> <span class='ocrx_word' id='word_1_250' title='bbox 909 1773 973 1808; x_wconf 92' lang='lat' dir='ltr'><strong>pro</strong></span> <span class='ocrx_word' id='word_1_251' title='bbox 997 1767 1113 1796; x_wconf 84' lang='lat' dir='ltr'><strong>actore</strong></span> <span class='ocrx_word' id='word_1_252' title='bbox 1136 1761 1159 1796; x_wconf 90' lang='lat' dir='ltr'><strong>i.</strong></span> <span class='ocrx_word' id='word_1_253' title='bbox 1184 1773 1213 1799; x_wconf 89' lang='lat' dir='ltr'><strong>e.</strong></span> <span class='ocrx_word' id='word_1_254' title='bbox 1237 1761 1398 1808; x_wconf 85' lang='lat' dir='ltr'><strong>petitoris</strong></span> 
     </span>
     <span class='ocr_line' id='line_1_30' title="bbox 140 1816 1397 1864; baseline -0.001 -10"><span class='ocrx_word' id='word_1_255' title='bbox 140 1831 247 1854; x_wconf 84' lang='lat' dir='ltr'><strong>causa</strong></span> <span class='ocrx_word' id='word_1_256' title='bbox 270 1823 470 1864; x_wconf 88' lang='lat' dir='ltr'><strong>comparata</strong></span> <span class='ocrx_word' id='word_1_257' title='bbox 500 1817 589 1858; x_wconf 84' lang='lat' dir='ltr'><strong>esse,</strong></span> <span class='ocrx_word' id='word_1_258' title='bbox 612 1828 683 1852; x_wconf 91' lang='lat' dir='ltr'><strong>non</strong></span> <span class='ocrx_word' id='word_1_259' title='bbox 709 1816 938 1864; x_wconf 87' lang='lat' dir='ltr'><strong>intellegeret,</strong></span> <span class='ocrx_word' id='word_1_260' title='bbox 970 1816 1031 1850; x_wconf 86' lang='lat' dir='ltr'><strong>sed</strong></span> <span class='ocrx_word' id='word_1_261' title='bbox 1061 1816 1303 1863; x_wconf 87' lang='lat' dir='ltr'><strong>exceptionem</strong></span> <span class='ocrx_word' id='word_1_262' title='bbox 1332 1829 1397 1864; x_wconf 91' lang='lat' dir='ltr'><strong>pro</strong></span> 
     </span>
     <span class='ocr_line' id='line_1_31' title="bbox 139 1870 1399 1919; baseline -0.004 -8"><span class='ocrx_word' id='word_1_263' title='bbox 139 1886 200 1911; x_wconf 86' lang='lat' dir='ltr'><strong>reo</strong></span> <span class='ocrx_word' id='word_1_264' title='bbox 216 1886 292 1910; x_wconf 89' lang='lat' dir='ltr'><strong>esse</strong></span> <span class='ocrx_word' id='word_1_265' title='bbox 311 1872 400 1908; x_wconf 78' lang='lat' dir='ltr'><strong>falso</strong></span> <span class='ocrx_word' id='word_1_266' title='bbox 416 1877 565 1919; x_wconf 86' lang='lat' dir='ltr'><strong>putaret,</strong></span> <span class='ocrx_word' id='word_1_267' title='bbox 589 1883 725 1907; x_wconf 89' lang='lat' dir='ltr'><strong>summo</strong></span> <span class='ocrx_word' id='word_1_268' title='bbox 749 1872 884 1908; x_wconf 86' lang='lat' dir='ltr'><strong>clientis</strong></span> <span class='ocrx_word' id='word_1_269' title='bbox 898 1871 953 1907; x_wconf 91' lang='lat' dir='ltr'><strong>sui</strong></span> <span class='ocrx_word' id='word_1_270' title='bbox 970 1871 1099 1906; x_wconf 88' lang='lat' dir='ltr'><strong>damno</strong></span> <span class='ocrx_word' id='word_1_271' title='bbox 1122 1877 1161 1906; x_wconf 91' lang='lat' dir='ltr'><strong>ut</strong></span> <span class='ocrx_word' id='word_1_272' title='bbox 1187 1870 1399 1907; x_wconf 86' lang='lat' dir='ltr'><strong>adderentur</strong></span> 
     </span>
     <span class='ocr_line' id='line_1_32' title="bbox 140 1926 1396 1974; baseline -0.002 -10"><span class='ocrx_word' id='word_1_273' title='bbox 140 1929 201 1965; x_wconf 92' lang='lat' dir='ltr'><strong>illa</strong></span> <span class='ocrx_word' id='word_1_274' title='bbox 223 1930 329 1965; x_wconf 84' lang='lat' dir='ltr'><strong>verba</strong></span> <span class='ocrx_word' id='word_1_275' title='bbox 352 1929 389 1963; x_wconf 90' lang='lat' dir='ltr'><strong>in</strong></span> <span class='ocrx_word' id='word_1_276' title='bbox 418 1926 506 1974; x_wconf 86' lang='lat' dir='ltr'><strong>legis</strong></span> <span class='ocrx_word' id='word_1_277' title='bbox 539 1926 676 1962; x_wconf 87' lang='lat' dir='ltr'><strong>actione</strong></span> <span class='ocrx_word' id='word_1_278' title='bbox 699 1940 721 1962; x_wconf 84' lang='lat' dir='ltr'><strong>a</strong></span> <span class='ocrx_word' id='word_1_279' title='bbox 743 1933 904 1974; x_wconf 83' lang='lat' dir='ltr'><strong>praetore</strong></span> <span class='ocrx_word' id='word_1_280' title='bbox 936 1926 1125 1968; x_wconf 88' lang='lat' dir='ltr'><strong>contendit,</strong></span> <span class='ocrx_word' id='word_1_281' title='bbox 1154 1929 1274 1971; x_wconf 80' lang='lat' dir='ltr'><strong>itaque</strong></span> <span class='ocrx_word' id='word_1_282' title='bbox 1302 1926 1396 1962; x_wconf 92' lang='lat' dir='ltr'><strong>ultro</strong></span> 
     </span>
     <span class='ocr_line' id='line_1_33' title="bbox 138 1980 1397 2032; baseline -0.002 -11"><span class='ocrx_word' id='word_1_283' title='bbox 138 1984 324 2032; x_wconf 86' lang='lat' dir='ltr'><strong>petitorem</strong></span> <span class='ocrx_word' id='word_1_284' title='bbox 348 1996 369 2019; x_wconf 91' lang='lat' dir='ltr'><strong>a</strong></span> <span class='ocrx_word' id='word_1_285' title='bbox 391 1980 545 2031; x_wconf 88' lang='lat' dir='ltr'><strong>periculo</strong></span> <span class='ocrx_word' id='word_1_286' title='bbox 569 1981 735 2029; x_wconf 80' lang='lat' dir='ltr'><strong>defendit,</strong></span> <span class='ocrx_word' id='word_1_287' title='bbox 759 1995 813 2030; x_wconf 85' lang='lat' dir='ltr'><strong>ne,</strong></span> <span class='ocrx_word' id='word_1_288' title='bbox 839 1982 966 2018; x_wconf 89' lang='lat' dir='ltr'><strong>iterum</strong></span> <span class='ocrx_word' id='word_1_289' title='bbox 989 1994 1069 2018; x_wconf 90' lang='lat' dir='ltr'><strong>cum</strong></span> <span class='ocrx_word' id='word_1_290' title='bbox 1093 1986 1237 2028; x_wconf 85' lang='lat' dir='ltr'><strong>peteret,</strong></span> <span class='ocrx_word' id='word_1_291' title='bbox 1270 1992 1397 2029; x_wconf 87' lang='lat' dir='ltr'><strong>excep-</strong></span> 
     </span>
     <span class='ocr_line' id='line_1_34' title="bbox 137 2037 1395 2086; baseline -0.002 -9"><span class='ocrx_word' id='word_1_292' title='bbox 137 2041 233 2077; x_wconf 85' lang='lat' dir='ltr'><strong>tione</strong></span> <span class='ocrx_word' id='word_1_293' title='bbox 271 2039 526 2081; x_wconf 83' lang='lat' dir='ltr'><strong>excluderetur,</strong></span> <span class='ocrx_word' id='word_1_294' title='bbox 563 2038 658 2086; x_wconf 92' lang='lat' dir='ltr'><strong>quod</strong></span> <span class='ocrx_word' id='word_1_295' title='bbox 691 2051 733 2074; x_wconf 85' lang='lat' dir='ltr'><strong>ea</strong></span> <span class='ocrx_word' id='word_1_296' title='bbox 763 2051 820 2075; x_wconf 90' lang='lat' dir='ltr'><strong>res</strong></span> <span class='ocrx_word' id='word_1_297' title='bbox 850 2038 888 2074; x_wconf 90' lang='lat' dir='ltr'><strong>in</strong></span> <span class='ocrx_word' id='word_1_298' title='bbox 913 2038 1085 2085; x_wconf 87' lang='lat' dir='ltr'><strong>judicium</strong></span> <span class='ocrx_word' id='word_1_299' title='bbox 1117 2043 1197 2073; x_wconf 82' lang='lat' dir='ltr'><strong>ante</strong></span> <span class='ocrx_word' id='word_1_300' title='bbox 1230 2037 1395 2075; x_wconf 85' lang='lat' dir='ltr'><strong>venisset.</strong></span> 
     </span>
     <span class='ocr_line' id='line_1_35' title="bbox 138 2093 1394 2142; baseline -0.003 -10"><span class='ocrx_word' id='word_1_301' title='bbox 138 2095 295 2132; x_wconf 86' lang='lat' dir='ltr'><strong>Stultitia</strong></span> <span class='ocrx_word' id='word_1_302' title='bbox 320 2101 497 2131; x_wconf 87' lang='lat' dir='ltr'><strong>oratorum</strong></span> <span class='ocrx_word' id='word_1_303' title='bbox 518 2094 628 2141; x_wconf 89' lang='lat' dir='ltr'><strong>igitur</strong></span> <span class='ocrx_word' id='word_1_304' title='bbox 651 2107 724 2130; x_wconf 89' lang='lat' dir='ltr'><strong>non</strong></span> <span class='ocrx_word' id='word_1_305' title='bbox 747 2095 784 2129; x_wconf 89' lang='lat' dir='ltr'><strong>in</strong></span> <span class='ocrx_word' id='word_1_306' title='bbox 807 2107 850 2130; x_wconf 93' lang='lat' dir='ltr'><strong>eo</strong></span> <span class='ocrx_word' id='word_1_307' title='bbox 871 2095 986 2142; x_wconf 86' lang='lat' dir='ltr'><strong>posita</strong></span> <span class='ocrx_word' id='word_1_308' title='bbox 1002 2101 1087 2136; x_wconf 86' lang='lat' dir='ltr'><strong>erat,</strong></span> <span class='ocrx_word' id='word_1_309' title='bbox 1111 2093 1206 2139; x_wconf 87' lang='lat' dir='ltr'><strong>quod</strong></span> <span class='ocrx_word' id='word_1_310' title='bbox 1229 2105 1301 2128; x_wconf 91' lang='lat' dir='ltr'><strong>non</strong></span> <span class='ocrx_word' id='word_1_311' title='bbox 1324 2098 1394 2129; x_wconf 66' lang='lat' dir='ltr'><strong>stae-</strong></span> 
     </span>
     <span class='ocr_line' id='line_1_36' title="bbox 137 2148 1394 2199; baseline -0.002 -12"><span class='ocrx_word' id='word_1_312' title='bbox 137 2151 211 2194; x_wconf 87' lang='lat' dir='ltr'><strong>tim,</strong></span> <span class='ocrx_word' id='word_1_313' title='bbox 235 2157 274 2187; x_wconf 90' lang='lat' dir='ltr'><strong>ut</strong></span> <span class='ocrx_word' id='word_1_314' title='bbox 291 2151 340 2187; x_wconf 88' lang='lat' dir='ltr'><strong>ait</strong></span> <span class='ocrx_word' id='word_1_315' title='bbox 354 2150 559 2194; x_wconf 80' lang='lat' dir='ltr'><strong>Pideritius,</strong></span> <span class='ocrx_word' id='word_1_316' title='bbox 581 2150 812 2199; x_wconf 89' lang='lat' dir='ltr'><strong>protulerunt,</strong></span> <span class='ocrx_word' id='word_1_317' title='bbox 836 2150 932 2198; x_wconf 89' lang='lat' dir='ltr'><strong>quod</strong></span> <span class='ocrx_word' id='word_1_318' title='bbox 946 2150 1103 2199; x_wconf 82' lang='lat' dir='ltr'><strong>proferre</strong></span> <span class='ocrx_word' id='word_1_319' title='bbox 1125 2148 1309 2192; x_wconf 82' lang='lat' dir='ltr'><strong>debebant,</strong></span> <span class='ocrx_word' id='word_1_320' title='bbox 1332 2148 1394 2185; x_wconf 82' lang='lat' dir='ltr'><strong>sed</strong></span> 
     </span>
     <span class='ocr_line' id='line_1_37' title="bbox 137 2205 1395 2254; baseline -0.002 -11"><span class='ocrx_word' id='word_1_321' title='bbox 137 2208 175 2243; x_wconf 90' lang='lat' dir='ltr'><strong>in</strong></span> <span class='ocrx_word' id='word_1_322' title='bbox 198 2220 240 2243; x_wconf 89' lang='lat' dir='ltr'><strong>eo</strong></span> <span class='ocrx_word' id='word_1_323' title='bbox 268 2208 365 2253; x_wconf 90' lang='lat' dir='ltr'><strong>quod</strong></span> <span class='ocrx_word' id='word_1_324' title='bbox 399 2207 515 2242; x_wconf 85' lang='lat' dir='ltr'><strong>statim</strong></span> <span class='ocrx_word' id='word_1_325' title='bbox 539 2207 575 2242; x_wconf 89' lang='lat' dir='ltr'><strong>in</strong></span> <span class='ocrx_word' id='word_1_326' title='bbox 602 2208 682 2253; x_wconf 89' lang='lat' dir='ltr'><strong>jure</strong></span> <span class='ocrx_word' id='word_1_327' title='bbox 707 2207 801 2254; x_wconf 84' lang='lat' dir='ltr'><strong>apud</strong></span> <span class='ocrx_word' id='word_1_328' title='bbox 822 2213 1019 2253; x_wconf 83' lang='lat' dir='ltr'><strong>praetorem</strong></span> <span class='ocrx_word' id='word_1_329' title='bbox 1047 2206 1275 2252; x_wconf 88' lang='lat' dir='ltr'><strong>protulerunt,</strong></span> <span class='ocrx_word' id='word_1_330' title='bbox 1299 2205 1395 2251; x_wconf 91' lang='lat' dir='ltr'><strong>quod</strong></span> 
     </span>
     <span class='ocr_line' id='line_1_38' title="bbox 137 2261 841 2309; baseline 0.001 -13"><span class='ocrx_word' id='word_1_331' title='bbox 137 2262 174 2296; x_wconf 91' lang='lat' dir='ltr'><strong>in</strong></span> <span class='ocrx_word' id='word_1_332' title='bbox 194 2261 328 2308; x_wconf 88' lang='lat' dir='ltr'><strong>judicio</strong></span> <span class='ocrx_word' id='word_1_333' title='bbox 347 2262 458 2308; x_wconf 85' lang='lat' dir='ltr'><strong>judici</strong></span> <span class='ocrx_word' id='word_1_334' title='bbox 481 2262 631 2309; x_wconf 87' lang='lat' dir='ltr'><strong>probare</strong></span> <span class='ocrx_word' id='word_1_335' title='bbox 654 2262 841 2298; x_wconf 89' lang='lat' dir='ltr'><strong>debebant.</strong></span> 
     </span>
    </p>

    <p class='ocr_par' dir='ltr' id='par_1_3' title="bbox 228 2315 1394 2365">
     <span class='ocr_line' id='line_1_39' title="bbox 228 2315 1394 2365; baseline -0.001 -12"><span class='ocrx_word' id='word_1_336' title='bbox 228 2318 257 2353; x_wconf 94' lang='grc' dir='ltr'><strong>Ι.</strong></span> <span class='ocrx_word' id='word_1_337' title='bbox 281 2317 337 2353; x_wconf 85' lang='grc'><strong>39.</strong></span> <span class='ocrx_word' id='word_1_338' title='bbox 361 2319 377 2364; x_wconf 71' lang='grc' dir='ltr'><strong>ξ</strong></span> <span class='ocrx_word' id='word_1_339' title='bbox 401 2318 444 2354; x_wconf 83' lang='lat'><strong>17</strong></span> <span class='ocrx_word' id='word_1_340' title='bbox 448 2319 480 2356; x_wconf 81' lang='lat'><strong>7.</strong></span> <span class='ocrx_word' id='word_1_341' title='bbox 529 2317 628 2363; x_wconf 85' lang='lat' dir='ltr'><strong>Quid</strong></span> <span class='ocrx_word' id='word_1_342' title='bbox 666 2318 761 2365; x_wconf 91' lang='lat' dir='ltr'><strong>quod</strong></span> <span class='ocrx_word' id='word_1_343' title='bbox 797 2317 882 2353; x_wconf 89' lang='lat' dir='ltr'><strong>item</strong></span> <span class='ocrx_word' id='word_1_344' title='bbox 917 2317 956 2353; x_wconf 91' lang='lat' dir='ltr'><strong>in</strong></span> <span class='ocrx_word' id='word_1_345' title='bbox 993 2315 1233 2356; x_wconf 79' lang='lat' dir='ltr'><strong>centumvirali</strong></span> <span class='ocrx_word' id='word_1_346' title='bbox 1256 2316 1394 2363; x_wconf 88' lang='lat' dir='ltr'><strong>judicio</strong></span> 
     </span>
    </p>
   </div>
   <div class='ocr_carea' id='block_1_3' title="bbox 134 2372 1402 2459">
    <p class='ocr_par' dir='ltr' id='par_1_4' title="bbox 134 2372 1402 2459">
     <span class='ocr_line' id='line_1_40' title="bbox 134 2372 1402 2422; baseline -0.003 -11"><span class='ocrx_word' id='word_1_347' title='bbox 134 2380 304 2411; x_wconf 82' lang='lat' dir='ltr'><strong>certatum</strong></span> <span class='ocrx_word' id='word_1_348' title='bbox 330 2385 404 2409; x_wconf 83' lang='lat' dir='ltr'><strong>esse</strong></span> <span class='ocrx_word' id='word_1_349' title='bbox 430 2374 628 2422; x_wconf 88' lang='lat' dir='ltr'><strong>accepimus</strong></span> <span class='ocrx_word' id='word_1_350' title='bbox 652 2374 714 2421; x_wconf 91' lang='lat' dir='ltr'><strong>qui</strong></span> <span class='ocrx_word' id='word_1_351' title='bbox 737 2377 884 2409; x_wconf 86' lang='lat' dir='ltr'><strong>Romam</strong></span> <span class='ocrx_word' id='word_1_352' title='bbox 907 2373 944 2414; x_wconf 86' lang='lat' dir='ltr'><strong>in</strong></span> <span class='ocrx_word' id='word_1_353' title='bbox 975 2372 1117 2408; x_wconf 88' lang='lat' dir='ltr'><strong>exilium</strong></span> <span class='ocrx_word' id='word_1_354' title='bbox 1143 2372 1305 2414; x_wconf 88' lang='lat' dir='ltr'><strong>venisset,</strong></span> <span class='ocrx_word' id='word_1_355' title='bbox 1335 2372 1402 2407; x_wconf 87' lang='lat' dir='ltr'><strong>cui</strong></span> 
     </span>
     <span class='ocr_line' id='line_1_41' title="bbox 1134 2426 1175 2459; baseline 0 -14"><span class='ocrx_word' id='word_1_356' title='bbox 1134 2426 1175 2459; x_wconf 58' lang='lat' dir='ltr'><strong>l*</strong></span> 
     </span>
    </p>
   </div>
  </div>
 </body>
</html>
