1734 2733
237 159 263 196 4

237 252 374 290 Romae
398 249 542 291 exulare
569 254 629 301 jas
656 260 765 298 esset,
794 254 825 290 si
854 265 893 291 se
923 252 970 293 ud
1002 248 1155 304 aliquem
1184 255 1288 304 quan·
1316 262 1503 305 mun

237 309 483 357 applicavisset
521 310 757 358 intestatoque
791 318 886 347 esset
922 319 1099 349 mortuus:
1130 321 1247 349 nonne
1268 313 1308 348 in
1329 324 1373 351 es
1394 324 1503 348 cama

230 367 292 412 jus
324 366 580 414 applicationis,
617 367 808 402 obscurum
837 379 923 405 sane
951 375 987 405 et
1015 369 1185 417 ignotum,
1217 368 1432 416 patefactum
1462 367 1502 403 in

230 421 366 468 judicio
391 428 497 469 atque
519 420 731 458 illustratum
747 428 801 458 est
817 435 839 458 a
853 424 1028 471 patrono?
1045 444 1092 452 —-
1103 424 1239 461 Probat
1253 423 1322 460 hoc
1342 423 1422 460 loco
1438 423 1502 459 Pi-

235 477 380 514 deritius
416 477 588 513 Ellendtii
627 479 865 525 conjecturam
894 492 960 527 pro
999 480 1106 526 „qui“
1139 484 1265 524 ‚,cum“
1296 472 1500 520 scribentis}

235 539 341 580 atque
365 533 490 581 negari
508 533 632 580 nequit
652 534 720 572 hac
741 534 893 572 lectione
917 542 1062 583 recepta
1082 542 1197 572 totum
1227 537 1341 573 locum
1365 532 1499 571 similli-

233 601 330 624 mum
350 588 428 624 fieri
450 594 484 624 et
503 588 541 624 ei
564 589 759 632 enuntiato,
783 591 880 637 quod
902 590 1089 633 antecedit,
1103 596 1141 626 et
1155 590 1190 626 ei
1209 591 1310 637 'quod
1327 590 1497 637 sequitur.

233 643 371 681 Tamen
393 645 444 680 ita
466 653 539 680 non
563 654 704 681 omnem
725 642 971 683 difficultatem
991 644 1071 683 tolli
1091 653 1249 694 apparet.
1286 646 1323 682 N
1324 659 1381 682 am
1402 644 1499 692 quod

231 698 426 735 Pideritius
451 696 631 736 'existimat
650 706 864 737 structuram
887 701 958 738 loci
979 710 1057 737 eam
1082 712 1172 744 esse,
1193 707 1236 737 ut
1257 702 1366 737 verba
1389 701 1443 743 „si
1458 712 1498 735 se

231 755 277 791 ad
301 755 454 802 aliquem
479 756 581 803 quasi
604 762 793 805 patronum
817 757 1087 805 applicuisse&
1119 757 1356 793 conditionem
1384 756 1498 793 conti-

230 817 348 853 neant,
372 823 444 857 qua
468 811 669 847 conditione
692 811 745 846 iili
763 813 831 858 'qui
855 813 1006 848 Romam
1023 813 1177 849 venisset
1199 812 1342 848 exulare
1360 811 1496 847 Romae

225 866 285 913 jus
309 867 425 910 fuerit,
450 874 661 914 sensumque
680 867 788 904 totius
811 867 881 904 loci
901 881 977 905 esse
1002 868 1164 912 „Wurde
1180 867 1277 905 nicht
1292 867 1420 910 temer,
1443 865 1494 902 als

231 923 329 958 einer
363 923 454 959 nach
477 922 569 958 Rom
605 922 818 970 gekommen
851 934 934 966 war,
967 924 1032 959 der
1059 931 1162 959 unter
1191 925 1255 960 der
1279 923 1495 969 Bedingung

231 978 306 1015 sich
342 979 457 1015 einem
491 975 758 1022 Quasi-Patron
792 979 1087 1022 amusohliessen‚
1123 979 1161 1015 in
1196 978 1289 1014 Rom
1321 977 1373 1013 als
1406 978 1493 1014 Ver-

230 1034 381 1070 bannter
402 1047 449 1070 zu
471 1033 577 1070 leben
600 1035 665 1070 das
690 1034 804 1071 Recht
834 1036 940 1078 hatte,
968 1036 1043 1071 und
1076 1035 1166 1071 ohne
1190 1035 1395 1072 Testament
1429 1047 1493 1082 ge-

230 1089 375 1126 storben
397 1101 482 1132 war,
504 1089 568 1125 das
590 1103 704 1138 ganze
726 1086 842 1126 Reoht
860 1092 925 1127 der
951 1091 1140 1139 applicatio
1164 1091 1349 1126 er6rtert?:
1380 1091 1413 1125 ei
1437 1090 1492 1125 in-

228 1146 471 1195 terpretationi
495 1148 611 1186 obstat
633 1148 788 1196 primum
818 1148 1003 1184 verborum
1036 1146 1218 1184 collocatio
1249 1145 1492 1196 (scribendum

229 1208 304 1237 erat
339 1203 432 1246 „cui,
471 1203 502 1238 si
535 1216 574 1240 se
609 1205 655 1239 ad
691 1204 845 1250 aliqtiem
884 1204 986 1251 quasi
1017 1210 1203 1251 patronum
1235 1202 1492 1251 applicavisset,

229 1255 364 1293 Romae
388 1257 530 1294 exulare
547 1259 609 1305 jus
635 1262 762 1302 esset“)
785 1258 912 1294 deinde
939 1259 1036 1305 quod
1061 1257 1330 1306 applicationem
1357 1257 1402 1292 ad
1429 1270 1492 1304 pa-

227 1318 370 1349 tronum
393 1314 630 1351 conditionem
649 1315 741 1361 juris
766 1314 863 1351 exilii
886 1315 997 1351 fuisse
1019 1314 1079 1350 vix
1102 1313 1271 1350 credibile
1295 1319 1359 1355 est,
1390 1313 1491 1349 deni-

227 1379 298 1414 que
320 1389 367 1395 —
388 1369 428 1404 id
450 1369 547 1416 quod
575 1380 750 1405 summum
773 1378 851 1405 esse
875 1370 1026 1405 arbitror
1042 1390 1087 1396 —
1107 1370 1204 1415 quod
1229 1381 1356 1404 causae
1380 1369 1489 1403 totius

227 1422 335 1460 cardo
357 1423 395 1460 in
418 1436 462 1461 eo
485 1425 697 1474 vertebatur,
727 1431 846 1462 utrum
872 1425 1106 1474 applicatione
1138 1424 1239 1471 quasi
1257 1430 1404 1472 patrono
1430 1424 1489 1470 jus

226 1479 431 1517 hereditatis
454 1482 554 1532 fieret
581 1495 707 1519 annon.
755 1481 865 1526 Quod
896 1494 976 1517 cum
1008 1481 1058 1516 ita
1081 1481 1136 1523 sit,
1167 1481 1204 1516 id
1225 1481 1352 1527 ipsum,
1376 1479 1489 1527 appli—

227 1536 404 1572 cationem
438 1537 570 1574 factam
601 1551 689 1581 esse,
729 1537 767 1573 in
795 1537 930 1585 protasi
958 1537 1014 1574 vel
1045 1536 1160 1583 primo
1188 1536 1266 1572 loco
1287 1536 1489 1583 ponendum

228 1591 424 1640 ceterisque
448 1594 599 1641 protasis
630 1593 797 1631 membris
831 1605 902 1629 non
936 1592 1194 1639 subjiciendum
1218 1591 1281 1628 sed
1305 1604 1350 1628 ex
1373 1603 1487 1638 aequo

227 1646 430 1684 addendum
453 1656 538 1687 erat.
587 1649 751 1686 Scribere
778 1648 890 1695 ‘igitur
918 1648 1070 1683 debebat
1099 1660 1165 1695 pro
1197 1647 1250 1691 „si
1274 1652 1335 1683 se“
1363 1647 1487 1693 „isque

226 1706 297 1738 se“.
347 1704 469 1751 Atque
502 1705 552 1739 ita
584 1705 614 1739 si
648 1704 830 1751 scripseris
861 1704 979 1739 omnia
1011 1703 1142 1750 optime
1178 1704 1287 1739 fluere
1323 1709 1487 1750 apparet;

226 1769 263 1794 re
286 1771 371 1795 vera
393 1759 444 1795 ita
460 1766 596 1797 textum
620 1759 904 1797 constituendum
929 1771 1005 1795 esse
1021 1759 1081 1795 vix
1105 1758 1322 1801 crediderim.
1359 1758 1487 1805 Neque

223 1821 342 1851 tamen
360 1815 440 1853 ideo
458 1816 625 1852 Ernestio
642 1816 830 1859 adsentior,
854 1816 1000 1851 lacunae
1022 1822 1102 1862 post
1125 1818 1329 1858 ‚‚mortuus“
1343 1815 1486 1862 signum

221 1871 385 1918 ponenti3
418 1871 526 1907 immo
556 1884 662 1919 posse
693 1871 836 1918 quidem
859 1883 981 1907 sanam
1010 1882 1085 1906 esse
1106 1871 1269 1907 codicum
1297 1869 1485 1906 lectionem

221 1925 385 1969 arbitror,
403 1927 641 1963 Mommsenio
658 1927 868 1970 adsentiens,
890 1927 952 1974 qui
969 1932 1006 1962 et
1028 1926 1112 1974 ipse}
1122 1926 1284 1962 codicum
1298 1925 1484 1961 lectionem

220 1981 366 2017 retinuit
389 1980 576 2030 locumque
601 1996 643 2019 ea
663 1983 954 2031 interpunctione,
985 1995 1092 2029 quam
1121 1994 1228 2030 supra
1251 1981 1365 2030 posui,
1398 1989 1484 2017 usus

219 2037 405 2085 exscripsit
429 2037 634 2085 (Rae'imische
658 2039 913 2085 Forschungen
945 2051 979 2084 p.
1001 2037 1099 2085 361),
1132 2038 1237 2073 modo
1271 2042 1484 2084 agnoscatur
1549 2049 1552 2053 ·

219 2093 317 2139 quod
347 2092 469 2128 dicunt
503 2093 749 2132 anacoluthon.
797 2095 956 2130 Protasis
986 2093 1078 2128 enim
1102 2092 1164 2127 'ita
1187 2099 1388 2140 comparata
1415 2099 1482 2135 est,

218 2155 258 2184 ut
280 2148 432 2197 scriptor
453 2160 526 2185 non
548 2149 593 2185 de
617 2161 655 2185 re
680 2149 783 2185 certis
811 2149 847 2184 in
874 2149 1034 2197 personis
1059 2154 1094 2183 et
1117 2149 1332 2196 temporibus
1357 2149 1480 2196 locata,

217 2205 278 2242 sed
304 2205 381 2241 sine
405 2204 650 2252 designatione
672 2216 902 2252 personarum
933 2211 968 2240 et
990 2210 1187 2251 temporum
1218 2205 1255 2240 in
1277 2205 1481 2241 universum

215 2259 440 2307 hypothetice
465 2260 631 2307 loquatur
638 2273 648 2302 3
683 2260 854 2307 apodosin
885 2261 915 2295 si
947 2267 1107 2296 accurate
1137 2261 1183 2296 ad
1210 2260 1368 2308 protasin
1405 2272 1479 2296 res-

214 2315 370 2362 pondere
389 2315 568 2359 voluisset,
589 2315 640 2352 ita
664 2315 861 2364 scripsisset
886 2328 993 2358 „num
1024 2316 1100 2362 ejus
1132 2316 1232 2353 heres
1255 2317 1339 2363 vjure
1364 2316 1480 2365 appli-

216 2371 365 2407 cationis
389 2377 562 2421 patronus
583 2376 711 2410 esset“.
759 2371 834 2409 Sed
858 2384 968 2418 quum
992 2371 1273 2408 reminisceretur
1302 2385 1375 2408 rem
1398 2384 1480 2420 pro-
