1734 2733
1460 91 1485 127 5

225 183 380 229 positam
402 196 441 219 re
466 197 549 221 vera
579 185 617 220 in
638 183 775 231 judicio
805 183 1047 224 centumvirali
1076 189 1192 225 actam
1214 195 1307 227 esse,
1335 182 1484 220 formam

224 238 391 278 orationis
412 240 567 276 *mutavit
599 245 634 275 et
664 238 840 286 apodosin
873 239 1008 278 addidit
1033 239 1084 276 ita
1112 244 1364 286 comparatam,
1393 245 1484 288 tam-

224 305 332 339 quam
365 296 515 341 protasis
553 307 627 331 non
659 294 886 341 hypothetica
921 293 994 341 (si),
1029 294 1092 332 sed
1127 293 1329 341 temporalis
1368 294 1481 341 (cum)

224 344 453 388 antecederet.

316 405 503 451 Ejusmodi
527 411 645 441 autem
668 404 923 441 anacoluthiam
945 403 1002 440 vel
1017 404 1166 441 duarum
1181 405 1480 442 constructionum

205 460 504 498 >commixtionem
524 473 597 497 non
620 461 727 497 semel
751 460 849 507 apud
872 459 1080 498 Ciceronem
1110 472 1291 498 occurrere
1319 468 1360 497 ut
1383 474 1479 498 com-

223 516 382 562 probem,
406 522 475 553 tres
499 515 596 553 locos
619 516 763 553 afferam
788 515 895 553 simili
916 516 1053 555 ratione
1082 516 1320 565 explicandos.
1364 517 1394 559 Ι,
1421 519 1477 554 52.

221 573 239 618 ξ
261 572 332 608 226
359 572 447 608 haec
472 572 653 620 leguntur:
679 571 783 617 Quae
797 583 881 608 vero
899 571 1066 610 addidisti
1088 584 1162 608 non
1187 572 1293 608 modo
1317 579 1478 609 senatum

222 628 352 665 servire
375 640 481 675 posse
508 627 642 676 populo
667 628 731 664 sed
758 628 865 665 etiam
888 628 1029 671 debere,
1052 628 1132 676 quis
1154 627 1222 664 hoc
1245 626 1477 676 philosophus

179 688 292 735 “tam
314 682 428 719 mollis
452 689 524 720 tam
546 684 734 731 languidus
758 690 829 720 tam
845 690 1030 720 enervatus
1052 689 1124 719 tam
1145 683 1263 719 omnia
1285 684 1332 720 ad
1353 685 1476 731 volup-

220 744 327 775 tatem
357 740 514 787 eorporis
545 739 772 787 doloremque
802 739 958 776 referens
983 739 1135 788 probare
1164 745 1295 788 posset,
1315 746 1476 776 senatum

219 795 348 830 servire
373 793 534 842 populo?
567 794 800 832 Scribendum
830 801 906 831 erat
928 802 989 831 aut
1016 796 1119 843 „quio
1149 794 1381 843 philosophus
1402 802 1475 832 tam

219 849 335 886 mollis
357 856 430 886 tam
455 850 655 897 lanquidus,
678 857 716 886 ut
737 851 804 886 hoe
828 850 979 898 probare
1001 851 1166 898 posset?“
1195 856 1257 887 aut
1282 850 1385 898 „quis
1407 850 1475 888 hoc

219 904 462 951 philosophus,
486 902 644 952 quamvis
662 906 789 948 mollis,
814 906 964 952 probare
981 907 1126 952 posset?
1142 927 1190 932 --
1204 907 1250 941 In
1264 906 1375 942 altero
1394 907 1473 943 loco

218 960 247 1002 Ι,
270 960 316 997 58
341 962 357 1008 ξ
379 962 460 1004 246,
485 974 591 1009 quem
613 962 696 998 satis
712 975 734 997 a
749 961 923 1004 Pideritio
944 960 1159 1009 explicatum
1183 973 1256 997 non
1275 962 1473 998 exscribam

217 1017 381 1064 apodosis
398 1017 497 1054 deest
511 1018 568 1054 vel
590 1018 707 1066 potius
729 1017 815 1054 latet
838 1018 876 1054 in
898 1017 1080 1056 enuntiato
1099 1016 1255 1056 relativo.
1269 1039 1314 1045 -—
1332 1018 1473 1055 Tertius

216 1071 315 1113 locus
345 1080 464 1110 nostro
497 1073 693 1109 simillimus
720 1073 851 1120 legitur
881 1072 1015 1115 Brutus
1042 1073 1065 1109 9
1089 1074 1115 1119 §.
1138 1074 1203 1111 35:
1237 1073 1336 1110 Nihil
1370 1080 1471 1110 acute

215 1127 365 1168 inveniri
388 1129 504 1177 potuit
526 1129 564 1165 in
593 1129 644 1166 eis
673 1129 788 1166 causis
819 1141 907 1177 quas
930 1128 1083 1178 scripsit,
1104 1128 1198 1167 nihil
1219 1135 1260 1166 ut
1282 1129 1333 1165 ita
1354 1129 1470 1167 dicam

215 1185 364 1222 subdole
392 1184 480 1221 nihil
515 1192 663 1227 versute,
695 1185 791 1231 quod
822 1185 881 1221 ille
907 1197 979 1220 non
1010 1185 1158 1227 viderit3
1186 1185 1275 1221 nihil
1295 1185 1470 1223 subtiliter

214 1239 294 1282 dici,
331 1240 417 1275 nihil
455 1253 586 1288 presse,
621 1240 709 1277 nihil
746 1240 938 1282 enucleate,
972 1251 1044 1286 quo
1077 1240 1155 1276 fieri
1189 1240 1301 1287 possit
1334 1240 1469 1288 aliquid

212 1294 381 1338 limatius;
411 1295 498 1332 nihil
529 1302 651 1333 contra
674 1296 816 1345 grande,
847 1295 935 1332 nihil
963 1295 1156 1338 incitatum,
1185 1295 1274 1331 nihil
1305 1302 1465 1333 ornatum

212 1352 268 1389 vel
289 1353 475 1388 verborum
497 1352 668 1398 gravitate
693 1352 751 1388 vel
773 1352 1035 1399 sententiarum,
1056 1363 1128 1398 quo
1158 1350 1352 1397 quidquam
1374 1358 1466 1388 esset

212 1407 347 1446 elatius.
392 1407 595 1444 Difficultas
618 1406 688 1443 loci
712 1406 828 1454 posita
851 1412 906 1443 est
936 1405 974 1441 in
1002 1405 1141 1448 duobus
1165 1405 1354 1442 enuntiatis
1376 1406 1466 1443 rela-

211 1463 293 1500 tivis
317 1477 410 1510 „quo
434 1464 511 1500 fieri
534 1463 645 1511 possit
659 1463 794 1509 aliquid
807 1463 985 1500 limatius“
1008 1468 1044 1499 et
1060 1475 1153 1509 „quo
1169 1462 1362 1509 quidquam
1376 1469 1468 1500 esset

209 1518 375 1562 elatius“;
401 1531 491 1566 quae
515 1519 560 1555 ad
575 1532 628 1563 ea,
652 1531 743 1566 quae
766 1519 989 1561 antecedunt,
1011 1530 1137 1566 parum
1158 1523 1244 1565 apta
1258 1530 1346 1566 esse,
1370 1519 1468 1566 quin,

211 1574 242 1611 si
266 1570 311 1611 ad
329 1576 413 1612 artis
432 1576 569 1623 logicae
585 1575 752 1614 amussim
768 1588 843 1612 rem
860 1574 1030 1623 exegeris,
1054 1586 1199 1623 prorsus
1218 1573 1341 1623 inepta
1355 1574 1468 1611 videri

211 1631 290 1667 luce
325 1631 452 1667 clarius
488 1637 552 1667 est.
600 1631 762 1668 Relativa
789 1631 883 1666 enim
922 1630 984 1670 illa
1012 1629 1192 1666 enuntiata
1222 1636 1298 1665 tum
1326 1630 1468 1666 demum

211 1686 297 1723 ferri
319 1694 474 1735 possent,
495 1687 525 1722 si
546 1687 769 1724 antecederet
792 1699 865 1722 non
885 1685 997 1729 „nihil
1019 1685 1194 1722 subtiliter
1224 1685 1294 1721 dici
1327 1686 1467 1733 potuit“

209 1742 272 1778 sed
293 1742 404 1786 „nihil
425 1742 601 1779 subtiliter
624 1742 746 1786 dixit“,
769 1742 836 1778 hoc
859 1754 981 1778 sensu:
1003 1741 1128 1779 Niehts
1151 1741 1212 1778 hat
1235 1753 1273 1777 er
1292 1740 1365 1777 fein
1387 1753 1468 1777 aus—

209 1798 393 1846 gedriickt‚
429 1799 514 1835 oder
543 1799 580 1835 in
607 1791 728 1834 seinen
751 1799 875 1834 Reden
909 1798 1018 1834 findet
1039 1798 1114 1833 sich
1135 1797 1219 1834 kein
1241 1797 1354 1833 feiner
1369 1798 1468 1834 Aus-

207 1854 329 1897 druck,
364 1854 427 1890 der
460 1867 506 1890 an
543 1853 751 1890 Gefeiltheit
781 1853 996 1890 {iberti-offen
1026 1853 1166 1890 werden
1201 1853 1344 1895 k6nnte,
1381 1853 1467 1889 kein

209 1909 453 1957 grossartiger,
476 1909 538 1945 der
556 1922 602 1945 an
619 1909 858 1945 Erhabenheit
880 1908 994 1944 seines
1009 1908 1171 1956 gleichen
1187 1907 1295 1945 hatte.
1330 1907 1466 1945 Rursus
1486 1945 1490 1948 ,

210 1965 242 2002 si
265 1964 326 2001 illa
343 1978 434 2013 quae
456 1966 667 2002 antecedunt
690 1978 774 2002 sana
792 1971 884 2008 sunt,
907 1967 978 2001 non
995 1977 1089 2012 „quo
1110 1964 1185 2000 fieri
1205 1963 1316 2012 possit
1331 1964 1466 2012 aliquid

209 2020 385 2059 limatius“
403 2027 439 2057 et
462 2034 556 2069 „quo
573 2021 764 2068 quidquam
782 2027 874 2057 esset
889 2021 1036 2057 elatius“
1053 2020 1276 2056 scribendum
1296 2026 1379 2067 erat,
1403 2021 1467 2057 sed

209 2088 322 2123 aeque
352 2082 458 2124 atque
490 2079 528 2113 in
558 2077 673 2125 primo
708 2077 817 2113 totius
854 2076 988 2123 periodi
1017 2076 1175 2111 membro
1209 2075 1379 2123 scriptum
1400 2082 1465 2120 est,

207 2132 325 2181 „quod
359 2133 419 2170 ille
457 2147 530 2170 non
563 2133 702 2181 dixerit,
741 2133 923 2174 invenerit,
961 2144 1032 2179 quo
1063 2131 1122 2167 ille
1161 2144 1232 2167 non
1266 2144 1350 2168 usus
1383 2132 1464 2170 sit.“

206 2189 345 2230 Tamen
366 2203 452 2228 num
475 2191 557 2226 inde
582 2190 749 2227 continuo
769 2196 944 2237 sequatur,
968 2188 1225 2227 emendandum
1249 2200 1326 2224 esse
1348 2187 1465 2225 locum

207 2250 243 2281 et
265 2256 331 2291 pro
354 2245 467 2293 „dici“
493 2246 630 2287 „dixitu
656 2245 890 2289 scribendum,
919 2245 1022 2282 valde
1052 2244 1186 2285 dubito,
1215 2243 1277 2279 sed
1307 2243 1358 2280 ita
1392 2256 1467 2280 rem

207 2300 451 2352 explicandam
476 2313 552 2337 esse
576 2301 736 2337 arbitror.
776 2300 926 2349 Duplici
941 2300 1075 2337 ratione
1096 2305 1170 2335 tota
1185 2298 1361 2335 sententia
1379 2311 1465 2336 eon·
