1734 2733
227 115 250 151 8

224 207 360 253 feceris,
386 206 418 242 si
441 206 534 242 intra
557 206 757 253 praestituti
778 207 945 255 temporis
969 207 1055 242 fines
1080 219 1154 242 rem
1177 207 1383 248 absolveris,
1408 218 1488 242 eum

223 263 336 311 plura,
361 262 522 308 quamvis
545 263 680 311 cupias,
704 269 848 311 propter
867 263 963 311 ipsas
983 263 1149 310 temporis
1172 263 1353 310 augustias
1370 263 1489 298 dicere

224 331 298 354 non
321 318 445 354 liceat?
478 318 587 363 Quod
607 326 648 354 ut
671 319 780 355 verba.
803 319 1000 366 significare
1024 318 1170 365 possint,
1196 331 1313 354 nonne
1345 330 1488 366 prorsus

225 375 486 421 superv'acanea
521 381 601 410 sunt
637 374 698 410 illa
732 386 835 421 „eum
868 375 1004 411 adferre
1041 375 1152 420 plura,
1187 374 1217 409 si
1248 374 1381 421 cupias,
1417 386 1488 409 non

228 430 386 476 queas“?
410 430 463 465 At
486 430 592 477 longe
616 429 717 465 aliter
740 442 796 466 res
821 442 858 465 se
883 429 997 466 habet.
1031 429 1176 466 Crassus
1201 442 1239 466 re
1265 441 1347 464 vera
1371 428 1489 464 omnia

225 484 353 528 attulit,
377 497 468 532 quae
492 485 655 528 habebat,
678 490 714 521 et
735 485 766 521 si
790 496 881 531 quae
906 484 1030 522 leviter
1057 485 1261 532 perstrinxit
1295 484 1390 521 velut
1411 496 1486 531 cap.

223 541 280 584 37,
295 541 353 584 53,
369 541 427 584 54,
450 541 495 577 de
519 541 693 577 industria
715 541 833 578 brevis
849 540 925 583 fuit,
947 553 992 576 ne
1009 540 1089 576 trita
1105 541 1283 577 rhetorum
1300 546 1486 588 praecepta

222 596 368 634 uberius
393 597 602 645 exponendo
625 596 782 635 taedium
806 596 849 632 iis
874 597 935 643 qui
957 597 1147 633 audiebant
1171 597 1321 633 afferret.
1377 596 1485 632 Tem-

224 653 321 701 poris
345 653 528 700 angustias
552 665 624 689 non
639 665 757 689 veram
771 652 953 689 brevitatis
968 664 1111 688 causam
1127 652 1260 700 habuit,
1286 652 1348 688 sed
1367 652 1486 688 fictam

223 708 432 756 praetendit,
456 708 564 755 idque
586 709 713 754 jocans
737 714 772 744 et
793 714 972 755 tamquam
993 719 1030 742 se
1055 708 1203 742 irridens
1236 708 1311 755 ipse
1336 707 1484 753 fatetur3

223 763 350 798 scitum
380 768 432 798 est
465 760 569 809 enim,
605 763 731 809 inquit,
762 763 784 799 i.
812 775 841 800 e.
867 764 1019 799 assolent
1051 763 1125 799 fere
1150 763 1243 799 haud
1265 763 1383 810 inepte
1407 775 1485 799 ora-

223 824 329 861 tores,
354 831 436 854 oum
461 818 563 866 plura
589 818 714 854 afferre
739 819 896 864 quamvis
915 819 1059 865 cupiant
1084 832 1154 854 non
1178 826 1317 864 queant,
1342 831 1482 854 causam

223 874 245 908 i.
270 886 301 911 e.
325 874 466 921 culpam
492 874 529 908 in
553 880 690 922 tempus
718 874 885 911 conferre.
930 874 985 908 Ita
1008 885 1050 908 ea
1074 886 1165 920 quae
1188 874 1399 910 antecedunt
1424 880 1485 916 „ut

224 942 281 965 me
306 931 473 978 temporis
497 930 680 978 angustiae
697 934 868 978 coegere“
885 930 1064 964 rhetorum
1082 942 1177 965 more
1203 930 1375 976 modoque
1392 929 1485 965 dieta

224 997 301 1020 esse
324 986 401 1033 ipse
417 986 567 1028 indicat3
590 991 695 1033 atque
712 986 761 1021 ita
782 986 923 1021 demum
940 986 969 1019 si
987 984 1102 1020 locum
1128 985 1351 1026 intellexeris,
1377 985 1484 1020 verba

223 1042 368 1089 egregie
400 1042 614 1078 conveniunt
644 1042 690 1077 ad
721 1033 914 1078 modestam
946 1041 1041 1076 illam
1075 1043 1290 1089 eandemque
1332 1041 1483 1089 lepidam

222 1098 466 1145 urbanitatem,
489 1111 560 1144 qua
581 1098 707 1134 Cicero
732 1099 845 1133 virum
870 1109 1044 1132 summum
1068 1097 1206 1132 artificii
1224 1098 1277 1132 sui
1296 1104 1483 1144 praecepta

222 1158 403 1200 tamquam
426 1153 576 1201 ineptias
599 1152 676 1198 (cfr.
701 1153 731 1195 1,
754 1152 815 1197 24)
833 1147 1034 1190 ‚tradentem
1060 1152 1152 1190 facit.

988 1292 1057 1335 Dr.
1088 1294 1129 1338 c.
1156 1292 1378 1348 Niemeyer.
