1734 2733
167 789 233 826 De
260 789 371 826 locis
401 787 691 834 quibusdam,
719 786 802 831 qui
829 786 879 824 in
899 784 1127 824 Ciceronis
1153 785 1211 824 de
1240 786 1420 824 oratore

451 852 583 892 libris
609 852 837 898 leguntur,
868 849 1130 897 disputatio.

260 998 382 1044 Quum
410 1003 491 1034 ante
521 997 585 1034 hos
614 1002 685 1034 tres
716 1009 828 1033 annos
857 995 1040 1045 discipulis
1068 995 1202 1044 primae
1229 995 1333 1032 classi
1357 997 1419 1033 ad-

164 1055 303 1102 scriptis
325 1054 505 1091 Ciceronis
530 1054 574 1089 de
598 1060 734 1090 oratore
758 1054 865 1089 libros
888 1066 1112 1100 exponerem,
1127 1065 1169 1088 ea
1192 1053 1344 1089 editione
1367 1054 1419 1089 uti

164 1109 332 1152 solebam,
359 1122 450 1156 quae
482 1122 566 1145 cura
588 1109 758 1152 Pideriffi,
783 1108 969 1144 doctissimi
993 1108 1069 1150 viri,
1102 1108 1245 1155 Lipsiae
1276 1108 1418 1155 prodiit,

164 1166 264 1211 cujus
295 1165 454 1201 doctrina
481 1171 697 1212 quantopere
722 1165 862 1211 adjutus
889 1164 966 1207 sim,
997 1170 1098 1211 grato
1123 1164 1239 1200 animo
1264 1164 1418 1201 memini.

164 1221 288 1265 Itaque
310 1220 477 1257 adversus
501 1233 581 1256 eum
609 1232 689 1256 cum
715 1219 883 1255 nonnulla
910 1220 1150 1266 disputaturus
1176 1219 1254 1262 sim,
1284 1232 1357 1255 non
1380 1219 1418 1255 id

165 1288 270 1323 agere
293 1275 403 1311 videri
427 1276 543 1318 velim,
567 1281 606 1310 ut
629 1276 673 1311 de
689 1275 792 1310 laud‘e
808 1275 873 1310 viri
890 1275 934 1311 de
951 1275 1213 1323 interpretando
1236 1274 1298 1311 illo
1315 1275 1417 1312 Cice-

164 1331 259 1367 ronis
283 1332 339 1367 vel
361 1331 527 1378 primario
552 1343 657 1378 opere
674 1331 806 1378 optime
821 1330 937 1366 meriti
953 1331 1144 1374 detraham,
1164 1331 1271 1367 immo
1287 1333 1418 1378 gratias

165 1399 236 1422 non
259 1387 395 1434 agendi⁴
412 1386 527 1422 solum
558 1387 621 1421 sed
645 1386 818 1422 referendi
851 1386 1072 1422 occasionem
1101 1386 1255 1422 oblatam
1277 1388 1419 1434 gavisus

164 1455 252 1484 sum,
274 1443 405 1490 quippe
428 1443 491 1489 qui
522 1442 645 1489 optimi
676 1443 846 1488 cujusque
878 1442 1068 1490 plurimum
1091 1442 1256 1478 interesse
1283 1443 1408 1479 scirem

162 1510 236 1533 non
260 1503 299 1535 ut
321 1498 396 1544 ipse
419 1510 600 1544 nunquam
632 1509 766 1532 errasse
800 1497 988 1540 videretur,
1021 1497 1084 1533 sed
1117 1503 1157 1532 ut
1179 1510 1305 1548 verum·
1322 1498 1419 1545 quod

163 1560 253 1589 esset
286 1559 474 1590 erueretur.
523 1552 616 1589 Sunt
645 1558 763 1589 autem
793 1552 830 1588 hi
859 1553 933 1590 fere
966 1553 1045 1595 loci,
1075 1565 1164 1599 quos
1188 1553 1290 1589 aliter
1312 1560 1419 1601 atque

164 1622 185 1644 a
207 1609 378 1645 Pideritio
401 1609 533 1645 factum
556 1614 620 1651 est,
648 1609 871 1656 explicandos
896 1622 970 1645 esse
996 1609 1154 1645 arbitror.

255 1665 286 1707 I,
313 1666 344 1701 2.
381 1666 397 1711 ξ
429 1666 460 1701 7.
509 1664 600 1709 Quis
634 1664 727 1700 enim
758 1670 821 1707 est,
856 1665 929 1710 qui,
964 1664 994 1699 si
1028 1664 1201 1700 clarorum
1237 1665 1419 1701 hominum

163 1720 346 1757 scientiam
368 1733 485 1757 rerum
508 1727 688 1769 gestarum
711 1720 766 1756 vel
789 1720 940 1762 utilitate
961 1721 1015 1757 vel
1038 1720 1280 1768 magnitudine
1303 1722 1418 1758 metiri

162 1776 256 1819 velit,
273 1790 344 1812 non
360 1782 550 1824 anteponat
566 1776 694 1811 oratori
709 1776 980 1821 imperatorem?
992 1797 1039 1801 —
1056 1776 1195 1818 Cicero,
1212 1782 1250 1811 ut
1267 1777 1418 1822 primum

162 1837 275 1868 totum
300 1832 548 1867 sententiarum
572 1827 770 1867 connexum
793 1842 977 1876 exponam,
1001 1831 1067 1867 hoc
1091 1830 1168 1867 loco
1186 1832 1334 1877 quaerit,
1357 1833 1419 1879 qui

162 1887 294 1923 factum
317 1888 373 1930 sit,
396 1893 435 1923 ut
460 1888 577 1935 plures
599 1887 636 1921 in
654 1887 815 1922 omnibus
840 1886 973 1921 artibus
996 1899 1102 1932 quam
1125 1886 1162 1920 in
1183 1886 1333 1922 dicendo
1357 1887 1419 1922 ad-

163 1942 341 1979 mirabiles
358 1943 556 1980 existerent.
591 1942 753 1989 Namque
771 1942 820 1977 ita
833 1941 1003 1989 profect0‚
1025 1941 1150 1987 inquit,
1169 1953 1225 1977 res
1243 1953 1281 1977 se
1301 1942 1418 1985 habet,

163 1998 336 2046 siquidem
359 1999 396 2035 in
425 2012 568 2047 quoque
591 2010 719 2047 genere
743 2011 816 2034 non
836 1997 941 2033 modo
968 1997 1196 2034 mediocrium
1220 1997 1283 2033 sed
1305 1999 1418 2034 maxi-

162 2067 298 2091 marum
315 2056 441 2091 artium
458 2055 559 2091 multi
576 2054 785 2092 excellentes
802 2054 963 2096 fuerunt3
982 2054 1213 2090 maximarum
1229 2053 1320 2097 dico,
1338 2055 1418 2101 quis

146 2111 256 2147 'enim
281 2112 411 2148 oratori
433 2112 680 2159 imperatorem
703 2116 882 2159 praestare
900 2121 971 2146 non
990 2111 1106 2147 videt?
1132 2110 1222 2155 Quis
1240 2116 1357 2146 autem
1374 2124 1419 2147 ex

162 2179 234 2203 una
269 2167 409 2204 civitate
447 2167 609 2204 Romana
644 2167 842 2216 praeclaros
877 2167 1103 2215 imperatores
1141 2166 1416 2202 innumerabiles

163 2230 319 2259 oratores
342 2223 551 2262 excellentes
573 2224 634 2260 vix
654 2236 786 2271 paucos
809 2224 958 2270 proferri
979 2237 1083 2272 posse
1107 2224 1268 2270 ignorat?
1297 2224 1420 2269 Atque

163 2278 251 2314 haec
267 2279 385 2315 omnia
408 2278 515 2327 plana
531 2285 613 2315 sunt
628 2285 664 2315 et
682 2280 771 2316 bene
787 2279 879 2314 inter
893 2291 932 2315 se
949 2280 1153 2322 cohaerent3
1177 2278 1421 2315 difficultatem

162 2333 312 2370 afferunt
344 2335 453 2371 verba
484 2335 692 2384 interposita
729 2336 782 2380 „si
818 2335 992 2372 clarorum
1025 2335 1205 2372 hominum
1239 2335 1421 2372 scientiam

161 2400 279 2426 rerum
310 2396 489 2440 gestarum
521 2391 578 2429 vel
613 2391 763 2429 utilitate
803 2391 859 2428 vel
895 2392 1138 2441 magnitudine
1170 2391 1286 2428 metiri
1314 2391 1421 2428 velit“

1185 2451 1199 2481 1
