1734 2733
237 118 260 155 6

235 211 384 249 formari
405 217 440 247 et
463 210 581 247 verbis
606 208 745 257 concipi
767 212 915 256 poterat.
964 207 1039 243 Aut
1070 206 1257 243 dicendum
1278 211 1368 242 erat:
1405 204 1504 240 Nihil

237 275 341 305 acute
365 266 514 303 inveniri
537 265 663 314 potuit,
687 264 785 311 quod
808 263 865 300 ille
884 277 953 300 non
969 263 1107 305 viderit,
1130 262 1219 298 nihil
1234 261 1408 298 subtiliter
1422 259 1505 302 dici,

237 324 335 372 quod
357 323 416 359 ille
448 334 522 359 non
552 320 691 363 dixerit,
723 319 810 355 nihil
841 319 986 366 grande,
1024 331 1095 366 quo
1127 318 1186 355 ille
1221 331 1294 355 non
1323 329 1408 354 usus
1439 316 1503 359 sit3

237 386 316 416 aut:
342 380 380 415 in
402 378 518 414 causis
543 389 630 424 quas
653 375 793 424 scripsit
822 374 911 410 nihil
942 381 1043 412 acute
1073 375 1261 418 inventum,
1296 371 1383 410 nihil
1419 373 1503 408 sub-

237 436 345 471 tiliter
367 434 512 476 dictum,
534 433 622 468 nihil
645 431 779 480 grande
804 437 856 466 est
880 437 915 466 et
937 430 1130 473 incitatum,
1165 431 1260 477 quod
1281 442 1354 466 non
1376 429 1414 464 in
1438 440 1501 463 suo

237 502 367 540 genere
388 488 680 537 perfectissimum
706 487 751 522 sit
774 486 847 522 sive
870 498 941 533 quo
968 485 1161 533 quidquam
1185 493 1276 522 esset
1304 485 1502 534 perfectius.

238 549 361 592 Atque
384 545 501 592 priore
527 544 720 580 sententiae
742 543 855 578 forma
879 542 1007 578 Cicero
1031 542 1068 576 in
1099 543 1213 590 primo
1236 543 1395 578 membro
1418 554 1502 576 usus

239 608 305 645 est,
329 601 437 637 altera
461 606 580 636 tamen
605 599 718 635 forma
739 611 819 634 cum
842 597 952 634 menti
977 598 1051 645 ejus
1084 598 1340 642 obversaretur,
1371 598 1502 634 factum

241 665 306 707 est,
331 665 370 695 ut
402 658 447 694 ab
471 656 532 693 illa
562 656 599 692 in
631 656 721 692 hano
751 655 871 691 furtim
900 655 1086 692 laberetur.
1113 677 1157 682 —
1180 656 1333 692 Possum
1364 655 1452 692 duos
1483 668 1503 691 e

240 713 453 749 Tusculanis
480 712 577 747 locos
610 712 741 745 addere
777 711 805 752 1,
827 712 875 745 22
898 713 914 755 ξ
936 711 994 752 50,
1023 711 1071 751 V,
1103 711 1148 745 27
1179 713 1194 755 ξ
1229 712 1285 752 76,
1311 716 1442 745 temere
1465 717 1504 744 ut

241 768 369 816 opinor
393 766 603 815 conjecturis
627 771 783 813 vexatos,
823 777 887 814 per
921 763 1179 802 anacoluthiam
1204 771 1239 802 et
1269 765 1363 814 ipsos
1390 765 1504 814 expli-

241 825 383 866 candos,
403 824 510 860 modo
534 836 579 858 ne
603 822 843 869 conjunctivos
867 835 888 857 a
913 821 1083 868 particula
1106 828 1145 857 ut
1168 823 1322 869 pendere
1353 822 1414 858 sed
1438 835 1503 869 po—

242 881 402 917 tentiales
426 892 502 916 esse
526 879 724 920 existimes;
763 890 916 924 possum(
937 877 1066 912 addere
1099 877 1250 920 tertium,
1273 877 1379 913 Tusc.
1403 878 1433 920 Ι,
1456 878 1503 914 30

242 940 258 985 ς
281 938 337 981 73,
359 937 397 973 in
420 933 490 984 qua
514 948 585 972 una
619 934 845 983 paragrapho
877 933 978 982 plura
1014 933 1224 971 anacolutha
1256 934 1369 970 inesse
1399 946 1503 971 nemo

244 1000 362 1040 negat,
384 993 448 1028 sed
471 992 576 1027 redeo
602 991 647 1026 ad
671 990 903 1037 propositum.

338 1049 363 1092 1,
389 1049 435 1084 46
459 1049 476 1095 ξ
500 1048 580 1085 201.
629 1046 674 1082 111
696 1045 810 1083 causis
843 1045 994 1093 publicis
1025 1045 1137 1082 omnis
1169 1045 1255 1083 haec
1287 1052 1322 1083 et
1352 1045 1504 1094 antiqui-

245 1106 326 1141 tatis
367 1105 535 1140 memoria
574 1110 609 1138 et
647 1102 780 1149 publici
808 1102 900 1147 juris
939 1102 1126 1137 auctoritas
1166 1109 1200 1137 et
1239 1104 1415 1150 regendae
1453 1103 1504 1138 rei

243 1159 407 1208 publicae
431 1158 521 1194 ratio
545 1169 586 1192 ac
610 1156 757 1192 scientia
779 1162 957 1204 tamquam
983 1157 1102 1203 aliqua
1130 1158 1292 1194 materies
1321 1158 1364 1194 iis
1389 1163 1505 1194 orato-

244 1216 355 1258 ribus,
394 1215 455 1262 qui
491 1220 675 1252 versantur
706 1214 742 1249 in
774 1227 811 1250 re
843 1214 996 1260 publica,
1028 1215 1186 1260 subjecta
1215 1227 1291 1251 esse
1320 1215 1434 1250 debet.
1461 1236 1504 1241 —

244 1272 366 1307 Verba
389 1270 526 1317 „omnis
548 1270 635 1305 haec
662 1276 697 1304 et
724 1269 940 1315 antiquitatis
965 1270 1153 1304 memoria“
1176 1270 1369 1305 Pideritius
1398 1271 1506 1305 inter-

245 1332 419 1374 pretatur:
454 1325 512 1361 die
540 1324 749 1373 politischen
774 1324 953 1360 Zustiinde
983 1325 1046 1360 der
1070 1324 1286 1372 Gegenwart
1317 1326 1391 1361 und
1414 1327 1506 1363 Ver-

246 1382 474 1430 gangenheit.
513 1382 647 1418 Parum
671 1387 764 1417 recte
788 1381 826 1416 ni
847 1380 959 1418 fallor.
1000 1380 1161 1416 Primum
1185 1381 1279 1417 enim
1296 1381 1422 1418 Cicero
1439 1384 1507 1418 hoc

248 1437 327 1474 loco
359 1437 403 1472 de
435 1437 479 1472 iis
510 1437 616 1472 rebus
650 1436 734 1483 agit,
769 1448 857 1481 quas
881 1435 1027 1477 discere,
1056 1436 1185 1487 quibus
1210 1449 1356 1484 operam
1378 1443 1413 1472 et
1436 1444 1507 1473 stu-

250 1493 349 1528 dium
363 1492 565 1540 impendere
587 1504 761 1528 oratorem
776 1491 888 1533 decet,
912 1491 1000 1527 haec
1018 1492 1186 1527 memoria
1210 1498 1327 1528 autem
1345 1504 1389 1529 ea
1412 1506 1507 1529 com-

250 1548 427 1596 plectitur,
447 1561 538 1595 quae
563 1562 629 1584 sua
653 1549 803 1595 quisque
834 1553 947 1582 aetate
971 1547 1049 1594 ipse
1072 1548 1178 1589 vidit3
1209 1560 1300 1595 quae
1329 1555 1368 1584 ut
1391 1555 1507 1586 teneat

249 1617 320 1640 non
344 1616 436 1650 opus
463 1610 517 1640 est
539 1605 666 1640 studio.
715 1603 857 1638 Deinde
879 1602 1005 1639 Cicero
1029 1602 1058 1637 si
1081 1602 1169 1637 illud
1192 1603 1358 1639 voluisset
1381 1605 1507 1652 dicere,

249 1659 448 1707 scripsisset
478 1666 539 1696 aut
574 1659 711 1702 „omnis
743 1664 786 1694 et·
808 1659 895 1694 haec
927 1664 961 1694 et
993 1658 1209 1704 antiquitatis
1232 1660 1425 1696 memoria“
1448 1669 1507 1697 aut

249 1715 385 1758 „omnis
408 1715 496 1750 haec
520 1721 555 1750 et
580 1714 798 1761 antiquitatis
822 1714 1001 1757 memoria,
1030 1714 1165 1760 publici
1188 1715 1278 1760 juris
1310 1716 1509 1764 auctoritas,

248 1770 425 1816 regendae
449 1770 501 1805 rei
523 1770 688 1817 publicae
706 1770 795 1805 ratio
813 1782 853 1805 ac
874 1769 1052 1805 scientia“.
1097 1769 1179 1814 Qua
1199 1771 1243 1805 de
1265 1783 1372 1806 causa
1391 1771 1507 1807 locum

247 1824 298 1860 ita
321 1825 624 1871 interpretandum
657 1825 829 1868 existimo,
864 1832 903 1860 ut
932 1825 1039 1860 verba
1071 1825 1206 1867 „omnis
1237 1825 1346 1861 haec“
1373 1827 1419 1862 ad
1443 1826 1509 1861 tria

247 1893 339 1926 quae
364 1887 559 1926 sequuntur
587 1881 719 1928 pariter
742 1881 955 1916 referantur:
985 1881 1036 1915 Es
1057 1893 1151 1915 muss
1176 1881 1255 1915 dem
1275 1881 1419 1917 Redner
1433 1882 1509 1917 dies

246 1948 361 1983 ganze
384 1936 518 1972 sowohl
542 1936 750 1984 historische
775 1935 827 1972 als
846 1935 1143 1972 staatsrechtliche
1167 1936 1218 1972 als
1235 1936 1509 1973 administrative

247 1991 395 2027 Wissen
420 2004 465 2026 zu
494 1991 635 2027 Gebote
660 1982 791 2027 stehen.

341 2045 390 2087 11,
414 2047 469 2081 42.
494 2048 509 2092 ξ
535 2047 613 2083 178.
661 2048 762 2083 Haec
791 2052 831 2082 ut
866 2053 901 2081 et
936 2059 1127 2094 properans
1152 2049 1187 2082 et
1212 2047 1308 2094 apud
1330 2047 1451 2084 doctos
1475 2054 1509 2085 et

246 2102 462 2138 semidoctus
502 2103 577 2149 ipse
617 2115 793 2149 percurro.
812 2124 858 2129 —
876 2102 938 2139 Sic
976 2103 1123 2139 codices.
1163 2102 1266 2147 Quae
1297 2104 1327 2138 si
1357 2105 1511 2151 genuina

245 2157 351 2193 lectio
386 2163 451 2199 est,
489 2157 668 2192 Antonius
702 2164 771 2192 tres
803 2157 904 2192 affert
937 2157 1163 2203 percurrendi
1187 2170 1320 2200 causas,
1361 2159 1510 2205 primam

245 2212 341 2260 quod
373 2218 554 2260 properat,
584 2212 729 2248 alteram
764 2212 859 2258 quod
890 2212 985 2259 apud
1017 2213 1140 2249 doctos
1172 2212 1336 2261 loquitur,
1371 2215 1510 2251 tertiam

246 2268 342 2314 quod
367 2268 580 2304 semidoctus
605 2269 681 2315 ipse
707 2274 770 2304 est.
819 2268 1009 2304 Pideritius
1042 2268 1254 2304 Ellendtium
1286 2270 1426 2305 secutus
1460 2271 1510 2306 sic

244 2322 362 2360 locum
387 2323 604 2361 emendavit:
630 2325 730 2360 Haec
749 2330 783 2360 et
803 2336 997 2372 properans
1023 2332 1059 2360 ut
1085 2325 1182 2372 apud
1199 2325 1322 2362 doctos
1349 2332 1382 2361 et
1405 2326 1509 2362 semi-
